1942 3000
835 189 1029 226 menn.
1609 187 1679 238 35

181 358 281 394 nec
307 345 557 407 populum
581 345 888 405 auscultare,
921 345 1008 393 sed
1035 345 1119 393 hic
1146 345 1334 394 suffixa
1361 345 1527 408 tigillo

67 443 139 483 40
255 441 454 481 tantum
481 433 681 496 operire
707 434 842 482 soles
870 442 958 482 aut
985 434 1182 496 aperire
1208 434 1416 482 domum
1428 435 1469 483 θ’

182 537 339 585 saepe
363 522 506 570 illam
532 522 700 569 audivi
725 522 911 570 furtiva
936 538 1063 570 voce
1087 522 1382 585 loquentem

256 610 421 658 solam
447 625 564 659 cum
589 611 793 659 ancillis
818 612 946 659 haee
972 626 1066 658 sua
1092 611 1304 674 flagitia,

182 699 393 747 nomine
418 699 670 747 dice-ntem
695 713 825 762 quos
851 700 1090 759 diximus»,
1123 707 1181 747 ut
1204 707 1325 762 pote
1351 715 1482 762 quae
1507 700 1577 748 mi

258 796 489 850 speraret
513 802 609 836 nec
634 787 864 850 linguam
890 802 1001 836 esee
1027 801 1123 835 nee
1148 788 1450 836 auriculam.

71 885 138 924 45
182 883 446 939 praeterea
471 876 690 924 addebat
715 873 987 938 q'uendam,
1019 891 1170 938 quem
1196 876 1366 924 dicere
1392 878 1516 925 nolo

253 965 479 1024 nomine,
512 979 575 1012 ne
603 964 751 1013 tollat
775 965 928 1012 rubra
954 964 1246 1027 supercilia.

181 1053 370 1114 longus
396 1053 552 1100 homo
581 1061 674 1111 est,
705 1068 917 1114 magnas
946 1054 1070 1116 quoi
1098 1053 1212 1101 lites
1235 1053 1409 1102 intulit
1434 1053 1559 1102 olim

252 1140 441 1189 falsum
465 1141 697 1189 mendaci
724 1148 897 1189 ventre
922 1142 1289 1204 puerperium.'

770 1364 1086 1371 ——ffl

800 1655 1041 1705 LXVIII.

177 1846 329 1906 Quod
354 1848 478 1896 mihi
506 1849 712 1898 fortuna
740 1865 964 1913 casuque
994 1866 1265 1915 oppressus
1292 1854 1478 1902 acerbo

248 1937 597 1999 conscriptum
620 1937 721 1987 hoc
745 1939 969 1988 lacrimis
996 1940 1153 1988 mittis
1182 1941 1489 2004 epistolium,

176 2024 485 2087 naufragum
510 2034 566 2073 ut
592 2027 811 2075 eiectum
835 2029 1191 2090 spumantibus
1218 2031 1455 2093 aequoris
1483 2031 1632 2078 undis

245 2114 505 2162 sublevem
532 2123 581 2163 et
606 2130 637 2162 a
661 2116 839 2164 mortis
865 2116 1043 2164 limine
1070 2118 1346 2177 restituam,

103 2211 128 2248 5
173 2216 327 2263 quem
355 2216 520 2265 neque
546 2211 726 2252 sancta
750 2204 926 2253 Venus
952 2206 1098 2253 molli
1124 2207 1443 2268 requiescere
1471 2222 1653 2256 somno

245 2290 500 2338 desertum
524 2292 578 2339 in
605 2293 738 2340 lecto
767 2293 961 2341 caelibe
987 2295 1285 2357 perpetitur,

171 2393 268 2426 nec
293 2385 521 2427 veterum
549 2381 684 2429 dulci
713 2381 1019 2444 scriptorum
1045 2383 1270 2431 carmine
1294 2398 1470 2432 musae

243 2467 520 2528 oblectant,
554 2483 669 2517 eum
694 2483 838 2518 mens
865 2471 1021 2518 anxia
1047 2471 1332 2534 pervigilat,

168 2555 222 2603 id
248 2562 452 2617 gratum
477 2565 554 2605 est
578 2557 720 2619 mihi,
751 2573 832 2607 me
858 2560 1108 2620 quoniam
1132 2559 1224 2608 tibi
1249 2560 1377 2608 dicis
1404 2560 1641 2620 amicum,

70 2649 127 2690 10
240 2658 558 2707 muneraque
585 2654 634 2694 et
659 2662 920 2695 musarum
945 2647 1066 2695 hinc
1093 2648 1225 2710 petis
1253 2655 1303 2697 et
1327 2649 1574 2698 Veneris:
