1942 3000
166 403 228 443 25

166 846 227 888 30

166 1290 227 1331 35

26 2520 27 2587 1
202 2531 227 2571 ⁵

273 147 379 197 170
897 152 1143 190 ’nnuma

342 315 396 355 at
419 308 530 355 sine
554 316 605 356 te
631 322 810 369 regum
835 323 1049 357 munera
1074 309 1219 357 nulla
1245 309 1382 358 volo,

272 410 303 443 o
333 395 549 455 niveam,
582 410 715 458 quae
740 404 789 443 te
817 396 1005 458 poterit
1032 395 1154 444 mihi
1180 396 1408 455 reddere,
1439 397 1639 444 lucem!

343 499 374 531 o
401 484 526 531 mihi
555 484 759 532 felicem
782 492 962 546 terque
989 491 1274 547 quaterque
1299 484 1461 532 diem!

269 579 321 620 at
345 572 407 632 si,
439 586 532 635 pro
560 571 695 620 dulei
722 572 886 622 reditu
912 587 1268 635 quaecumque
1293 580 1557 631 voventur,

341 661 517 709 audiat
542 675 719 709 aversa
745 676 851 710 non
878 675 1023 710 meus
1050 676 1174 709 aure
1198 662 1343 721 dene,

271 765 365 798 nee
388 764 471 798 me
496 765 657 813 regna
679 750 855 798 iuvant
876 765 974 798 nec
1002 750 1193 812 Lydius
1219 751 1411 800 aurifer
1434 750 1598 798 amnis

340 853 436 887 nee
462 854 590 901 quas
617 846 865 887 terrarum
893 839 1114 887 sustinet
1138 839 1276 887 orbis
1304 853 1446 902 opes.

268 928 398 976 haee
423 927 512 976 alii
541 926 769 990 cupiant,
800 927 958 974 liceat
984 927 1106 974 mihi
1130 941 1357 989 paupere
1383 927 1524 975 cultu

339 1030 521 1065 securo
549 1031 668 1064 cara
692 1016 914 1078 coniuge
940 1030 1094 1078 posse
1118 1016 1235 1064 frui.

267 1105 405 1153 adsis
433 1113 483 1153 et
505 1105 695 1152 timidis
722 1105 912 1162 faveae,
944 1104 1204 1164 Saturnia,
1235 1104 1386 1162 νοῑίε,

340 1200 390 1242 et
414 1194 587 1241 faveas
615 1193 831 1251 coneha,
865 1191 1071 1255 Cypria,
1104 1200 1250 1241 vecta
1275 1201 1379 1241 tua.

269 1291 359 1330 aut
384 1281 426 1328 si
453 1280 559 1329 fata
584 1289 777 1343 negant
803 1282 1021 1329 reditum
1046 1282 1320 1344 tristesque
1345 1295 1565 1339 sorores»,

338 1370 558 1418 stamina
583 1383 716 1431 quae
743 1369 938 1418 ducunt
962 1385 1200 1433 quaeque
1226 1370 1398 1419 futura
1422 1377 1600 1429 neunt,

269 1473 351 1508 me
378 1466 524 1508 vocet
547 1458 602 1507 in
628 1468 799 1507 vastos
826 1473 1003 1508 amnes
1031 1459 1338 1522 nigramque
1361 1459 1601 1522 paludem

343 1548 478 1597 dives
504 1548 559 1596 in
585 1547 770 1610 ignava
796 1548 993 1596 luridus
1021 1547 1185 1597 Orcus
1213 1562 1366 1611 aqua.

1010 1991 1129 2038 1111.

269 2169 337 2216 Di
363 2168 576 2217 meliora
602 2168 787 2226 ferant,
823 2182 918 2216 nec
945 2168 1051 2216 sint
1072 2167 1332 2215 insomnia
1356 2180 1475 2214 vera

346 2270 479 2319 quae
504 2257 620 2305 tulit
644 2257 882 2305 hesterna
907 2256 1131 2319 pessima
1158 2262 1308 2303 nocte
1334 2258 1497 2316 quies.

270 2345 342 2393 ite
365 2345 565 2408 procul,
596 2360 781 2392 vanum
807 2345 1099 2406 falsumque
1126 2343 1337 2391 avertite
1362 2343 1554 2391 visum:

345 2434 561 2482 desinite
584 2433 637 2481 in
666 2433 814 2482 nobis
841 2447 1087 2496 quaerere
1111 2432 1245 2480 velle
1269 2432 1437 2480 fidem.

271 2522 370 2569 divi
400 2537 516 2570 vera
541 2530 771 2581 monent,
805 2530 1047 2587 venturae
1075 2520 1256 2569 nuntia
1282 2520 1433 2568 sortis

341 2625 460 2659 vera
480 2618 694 2660 monent
716 2610 899 2658 Tuscis
928 2617 1048 2658 exta
1072 2610 1290 2672 probata
1314 2609 1461 2657 viris:
