1942 3000
194 133 206 143 ⁰
269 161 374 211 290
851 162 1168 201 Pnorssa‘rn

269 320 357 368 sed
383 333 489 367 non
516 326 636 367 ante
659 319 803 382 gravi
827 326 1006 367 taurus
1034 318 1322 367 succumbit
1345 323 1537 376 arati-0,

341 422 536 456 cornua
561 422 716 470 quam
740 407 922 456 validis
948 407 1169 456 haeserit
1192 406 1248 454 in
1275 406 1494 468 laqueiS,

267 510 363 544 nec
390 502 446 542 tu
472 503 576 543 tam
602 496 757 545 duros
783 511 876 559 per
900 503 950 548 te
979 494 1189 558 patieris
1214 509 1442 544 amores:

166 592 227 633 5ο
339 592 456 630 trux
482 591 652 632 tamen
679 599 710 631 a
735 585 884 633 nobis
911 590 1030 632 ante
1055 583 1339 631 domandus
1367 582 1486 631 eris.

267 671 447 720 harum
472 673 618 720 nulla
641 673 775 722 solet
801 672 1054 720 rationem
1079 684 1325 734 quaerere
1349 670 1546 730 mundi,

339 774 435 809 nec
461 775 553 809 cur
575 761 811 810 fraternis
836 761 990 808 Luna
1015 760 1213 808 laboret
1239 759 1401 822 equis,

267 863 364 897 nec
390 849 434 896 si
459 857 580 913 post
606 849 809 911 Stygias
837 848 1036 910 aliquid
1061 848 1368 896 restabimus
1394 848 1579 907 undas,

336 951 433 985 nec
459 937 503 985 si
530 938 767 986 consulto
794 937 1012 984 fulmina
1036 937 1196 983 missa
1221 943 1420 984 tonent.

165 1033 224 1073 55
267 1025 473 1087 adspice
499 1039 597 1085 me,
631 1024 714 1071 cui
738 1039 896 1087 parva
920 1024 1057 1071 domi
1083 1024 1292 1072 fortuna
1317 1025 1562 1084 relictast,

338 1113 510 1160 nullus
539 1119 590 1160 et
612 1112 827 1173 antiquo
853 1112 1020 1159 Marte
1046 1111 1331 1173 triumphus
1358 1113 1457 1171 avi,

261 1208 319 1249 ut
343 1214 553 1262 regnem
577 1200 763 1248 mixtas
792 1200 925 1249 inter
951 1199 1164 1247 conviva
1190 1201 1387 1262 puellas

335 1289 433 1336 hoc
458 1302 554 1350 ego
581 1303 685 1351 quo
712 1288 803 1336 tibi
831 1302 969 1336 nunc
997 1289 1168 1336 elevor
1192 1289 1424 1352 ingenio.

263 1391 343 1425 me
367 1377 504 1425 iuvet
527 1377 775 1426 hesternis
801 1377 1028 1439 positum
1050 1357 1301 1441 languere
1327 1379 1556 1436 corolliS,

158 1472 219 1513 60
332 1478 484 1528 quem
510 1464 679 1527 tetigit
702 1464 842 1514 iactu
868 1473 1035 1515 certus
1062 1466 1126 1515 ad
1154 1481 1273 1516 ossa
1297 1467 1440 1527 deu8‚

258 1554 412 1602 Actia
435 1554 725 1616 Vergilium
751 1555 976 1603 custodis
1003 1555 1159 1604 litora
1181 1556 1397 1616 Phoebi,

333 1641 568 1692 Caesaris
596 1650 646 1692 et
669 1642 828 1691 fortes
855 1643 1025 1692 dicere
1050 1658 1204 1706 posse
1229 1652 1382 1702 rates,

260 1730 348 1793 qni
375 1745 514 1779 nunc
537 1731 748 1799 Agncae
772 1731 985 1779 Troiani
1012 1732 1227 1779 suscitat
1251 1746 1394 1779 arma

327 1818 564 1880 iactaque
588 1817 795 1866 Lavinis
821 1818 1028 1866 moenia
1051 1818 1306 1871 litoribus.

155 1913 216 1953 65
259 1906 424 1954 cedite
447 1906 671 1954 Romani
696 1906 990 1969 scriptoreS,
1025 1907 1188 1955 cedite
1216 1906 1368 1956 Grai:

328 1994 502 2042 nescio
531 1993 653 2055 quid
678 1994 841 2042 maius
868 1995 1099 2044 nascitur
1129 1996 1308 2044 Iliade.

257 2088 314 2130 tu
340 2082 482 2130 canis
512 2082 737 2130 umbrosi
761 2083 938 2131 subter
962 2083 1138 2146 pineta
1166 2084 1372 2134 Galaesi

325 2170 545 2231 Thyrsin
573 2177 623 2218 et
648 2170 832 2220 attritis
859 2172 1106 2234 Daphnin
1132 2174 1488 2231 arundinibus,

254 2265 412 2320 utque
440 2259 615 2306 decem
640 2259 842 2321 possint
868 2275 1196 2324 corrumpere
1219 2262 1355 2310 mala
1381 2261 1598 2323 puellas,

150 2354 213 2395 ‘10
324 2346 512 2394 missus
540 2355 589 2395 et
614 2346 861 2410 inpressis
887 2350 1080 2398 haedus
1107 2352 1171 2398 ab
1199 2349 1457 2405 uberibus.

252 2434 397 2495 felix,
430 2435 519 2498 qui
544 2435 667 2483 viles
696 2437 861 2498 pomis
887 2438 1129 2486 mercaris
1154 2437 1387 2485 amores!

323 2523 441 2571 huic
467 2524 590 2571 licet
612 2523 846 2586 ingratae
871 2526 1075 2586 Tityrus
1102 2524 1214 2587 ipse
1241 2533 1411 2575 canat.

250 2609 376 2659 felix
402 2611 653 2661 intactum
681 2611 921 2674 Corydon
946 2612 1036 2675 qui
1062 2620 1278 2677 temptat
1301 2615 1495 2667 Alexin
