1942 3000
38 1394 96 1436 10

38 1838 97 1879 15

37 2280 95 2321 20

804 166 998 206 LIBER.

791 430 1006 480 LXIHI.

148 588 358 637 Peliaco
386 591 649 651 quondam
672 598 957 654 prognatae
984 591 1172 640 vertice
1198 590 1351 653 pinus

148 677 391 725 dicuntur
416 678 638 740 liquidas
663 679 887 741 Neptuni
913 693 1066 727 nasse
1092 693 1183 742 per
1207 679 1374 727 undas

146 764 397 814 Phasidos
427 766 490 813 ad
516 767 699 815 fluctus
727 776 778 816 et
804 769 929 816 fines
955 769 1198 825 Aeeteos,

146 868 266 902 cum
290 854 410 903 lecti
433 854 658 914 iuvenes,
690 855 913 918 Argivae
938 856 1127 904 robora
1153 856 1321 919 pubis,
1513 897 1536 912 ,

143 950 378 991 auratam
405 951 639 1007 optantes
668 943 874 994 Colchis
901 952 1127 994 avertere
1152 945 1340 1008 pellem

141 1030 258 1079 ausi
283 1039 407 1079 sunt
431 1033 558 1080 vada
583 1034 722 1081 salsa
746 1032 845 1081 cita
872 1033 1140 1082 decurrere
1173 1034 1351 1097 puppi,

143 1120 356 1168 caerula
380 1130 633 1171 verrentes
659 1122 893 1184 abiegnis
920 1136 1148 1185 aequora
1171 1123 1375 1185 palmis.

140 1209 262 1256 diva
286 1209 472 1271 quibus
499 1210 726 1260 retinens
752 1210 805 1258 in
831 1212 1043 1259 summis
1072 1211 1282 1260 urbibus
1309 1225 1452 1260 arces

142 1297 262 1360 ipsa
285 1297 381 1345 levi
407 1298 530 1347 fecit
553 1301 853 1348 volitantem
879 1299 1087 1348 flamine
1111 1314 1333 1358 currum,

144 1386 302 1449 pinea
327 1387 646 1451 coniungens
672 1389 896 1437 inflexae
920 1396 1060 1437 texta
1086 1389 1310 1437 carinae.

144 1474 238 1522 illa
265 1475 441 1524 rudem
467 1490 618 1526 cursu
644 1477 809 1540 prima
832 1475 1016 1525 imbuit
1039 1476 1405 1539 Amphitriten.

144 1577 281 1626 quae
306 1563 457 1612 simul
485 1580 546 1613 ac
572 1573 740 1614 rostro
768 1573 1036 1613 ventosum
1063 1564 1307 1627 proscidit
1330 1561 1543 1627 aequor,

142 1659 385 1715 tortaque
410 1653 623 1716 remigio
649 1653 842 1716 spumis
868 1653 1137 1702 incanduit
1159 1653 1317 1713 unda,

146 1754 400 1789 emersere
425 1742 539 1816 fl‘ffii
566 1742 771 1791 canenti
799 1757 826 1791 e
852 1743 1055 1804 gurgite
1081 1743 1253 1792 vultus

142 1843 434 1892 aequoreae
458 1838 744 1880 monstrum
769 1831 1012 1880 Nereides
1039 1832 1365 1881 admirantes.

141 1919 254 1978 illa,
286 1918 438 1980 siqua
463 1919 583 1978 alia,
615 1919 849 1968 viderunt
874 1921 991 1969 luce
1016 1922 1240 1970 marinas

139 2007 389 2055 mortales
417 2008 553 2055 oculi
578 2008 772 2057 nudato
800 2023 1016 2071 corpore
1042 2010 1290 2072 nymphas

142 2094 404 2143 nutricum
430 2103 578 2146 tenus
606 2102 839 2145 extantes
868 2111 896 2144 e
920 2098 1123 2160 gurgite
1148 2113 1298 2147 cano.

138 2191 254 2232 tum
277 2182 509 2232 Thetidis
536 2184 720 2232 Peleus
745 2184 988 2233 incensus
1015 2186 1175 2233 fertur
1199 2201 1389 2247 amore,

139 2280 255 2321 tum
279 2272 458 2321 Thetis
484 2273 736 2322 humanos
763 2289 867 2324 non
898 2274 1131 2338 despexit
1155 2275 1484 2337 hymenaeos,

137 2369 254 2409 tum
278 2361 483 2409 Thetidi
510 2369 654 2425 pater
677 2363 791 2425 ipse
814 2362 1098 2424 iugandum
1115 2363 1280 2412 ‘Pelea
1302 2364 1482 2413 sensit.

137 2465 169 2499 o
199 2449 357 2498 nimis
386 2458 562 2513 optato
589 2451 879 2499 saeclorum
900 2459 1133 2515 tempore
1159 2452 1266 2501 nati

136 2540 345 2597 heroes,
377 2540 585 2599 salvete5
618 2539 770 2587 deum
795 2554 976 2602 genus,
1008 2556 1040 2588 o
1067 2541 1207 2589 bona
1230 2547 1452 2608 matr-um

133 2627 439 2693 progenieS,
469 2629 661 2677 salvete
684 2629 870 2678 iterum
942 2665 956 2678 .
1040 2665 1051 2677 .
1133 2665 1147 2678 .
1228 2666 1241 2679 .
1291 2691 1295 2695 ι
1322 2666 1333 2678 .

1576 166 1647 216 63
