1942 3000
120 1659 181 1699 10

125 2208 186 2248 15

247 93 317 144 56
837 95 1094 135 cA‘rULm

884 517 1049 565 LXII.

221 747 421 810 Vesper
445 747 617 796 adest:
649 747 876 807 iuvenes,
910 747 1234 809 consurgite:
1266 747 1465 811 Vesper
1492 747 1717 812 Olympo

225 842 495 899 expectata
520 836 608 884 diu
631 835 717 884 vix
740 835 946 884 tandem
972 835 1171 883 lumina
1195 836 1347 884 tollit.

222 939 433 987 surgere
457 924 561 973 iam
585 931 805 988 tempus,
835 924 939 971 iam
967 924 1177 987 pinguis
1205 924 1441 986 linquere
1465 938 1669 974 mensas
1689 944 1700 974 :

221 1012 325 1061 iam
349 1013 517 1062 veniet
541 1012 704 1076 virg0,
736 1012 837 1060 iam
865 1012 1062 1060 dicetur
1085 1012 1430 1074 Hymenaeus.

223 1101 422 1162 Hymen
450 1116 480 1149 o
507 1101 820 1162 Hymenaee,
854 1100 1055 1162 Hymen
1082 1100 1203 1148 ades
1232 1115 1262 1148 o
1289 1101 1600 1162 Hymenaee.

225 1295 447 1356 cernitis,
479 1295 746 1359 innuptae,
776 1294 1025 1344 iuvenes?
1063 1295 1362 1358 consurgite
1388 1304 1587 1345 contra.

223 1384 464 1431 nimirum
491 1382 711 1433 Oetaeos
740 1383 964 1433 ostendit
988 1382 1219 1432 Noctifer
1241 1384 1408 1446 ignes.

223 1472 296 1522 sic
324 1479 537 1522 certest:
568 1472 717 1522 viden
743 1479 801 1522 ut
825 1472 1101 1537 perniciter
1129 1471 1391 1521 exiluere?

222 1577 328 1611 non
357 1569 545 1610 temere
573 1562 825 1611 exiluere:
860 1569 1049 1610 canent
1075 1561 1213 1624 quod
1239 1561 1443 1609 vincere
1469 1577 1563 1625 par
1588 1569 1680 1611 est.

222 1652 421 1713 Hymen
450 1665 480 1698 o
507 1650 818 1713 Hymenaee,
849 1650 1052 1712 Hymen
1080 1650 1201 1698 ades
1230 1665 1260 1698 o
1285 1648 1598 1713 Hymenaee.

225 1860 331 1894 non
358 1845 525 1894 facilis
553 1845 721 1905 nobiS‚
753 1845 1016 1906 aequales,
1048 1845 1220 1908 palma
1247 1852 1499 1908 paratast:

227 1935 494 1997 adspicite,
525 1933 776 1995 innuptae
802 1947 976 1981 secum
1001 1940 1058 1981 ut
1082 1934 1325 1982 meditata
1350 1935 1635 1996 requirunt.

228 2038 335 2072 non
348 2024 539 2071 frustra
558 2022 896 2070 meditantur:
928 2023 1121 2070 habent
1134 2022 1465 2071 memorabile
1482 2022 1620 2085 quod
1636 2022 1717 2072 sit.

227 2125 323 2160 nec
348 2111 566 2171 mirum3
594 2111 800 2173 penitus
828 2124 961 2173 quae
988 2116 1096 2159 tota
1122 2118 1293 2159 mente
1319 2112 1575 2160 laborant.

228 2214 324 2248 nos
353 2199 456 2247 alio
483 2206 698 2259 mentes,
733 2199 835 2247 alio
862 2198 1121 2247 divisimus
1148 2212 1328 2247 aures:

228 2288 340 2336 iure
364 2287 523 2351 igitur
548 2288 837 2337 vincemur:
872 2295 1011 2335 amat
1034 2287 1247 2336 victoria
1272 2302 1463 2337 curam.

228 2391 387 2440 quare
411 2391 550 2425 nunc
576 2377 776 2425 animos
803 2377 987 2424 saltem
1013 2375 1293 2424 convertite
1317 2384 1541 2426 vestros:

228 2465 396 2514 dicere
423 2465 526 2513 iam
550 2465 815 2529 incipient,
847 2465 950 2512 iam
977 2465 1287 2526 respondere
1315 2466 1530 2514 decebit.

227 2554 429 2617 Hymen
455 2570 486 2603 o
511 2554 820 2617 Hymenaee,
852 2553 1055 2616 Hymen
1080 2552 1201 2602 ades
1228 2568 1259 2601 o
1284 2554 1598 2616 Hymenaee.
