1942 3000
272 156 377 208 270
860 162 1178 201 Pssomzzn’ru

270 329 445 363 rursus
473 321 525 362 et
550 314 806 364 obiectum
832 316 962 365 fletis
990 317 1145 379 capiti
1172 332 1283 367 esse
1308 321 1600 380 tumultum,

342 416 459 450 cum
482 403 689 450 Mavors
717 402 899 452 dubias
924 405 1105 453 miscet
1128 407 1384 469 utrimque
1409 423 1608 467 manus,

268 497 534 555 praeterea
558 489 793 538 domibus
820 491 1441 557 flammanrdomibusque
1466 497 1659 555 ruinae,

168 585 227 626 10
339 592 441 625 neu
467 579 685 626 subeant
708 579 865 628 labris
892 581 1084 642 pocula
1109 581 1258 643 nigra
1284 585 1415 631 tuis!

266 666 410 713 eolus
436 680 615 715 amans
640 667 783 715 novit
808 669 1018 730 quando
1044 670 1299 731 periturus
1328 680 1378 719 et
1404 687 1434 719 a
1459 687 1562 734 qua

338 741 521 815 morte,¹
553 769 721 817 neque
743 756 829 804 hic
850 757 1038 805 boreae
1059 757 1220 806 flabra
1244 773 1412 821 neque
1436 775 1576 808 arma
1596 762 1756 810 timet.

260 839 367 888 iam
390 840 514 889 licet
538 849 588 889 et
614 841 793 905 Stygia
815 845 992 892 sedeat
1015 846 1109 894 sub
1138 846 1387 895 arundine
1411 862 1601 906 remex,

339 937 518 978 cernat
542 937 593 977 et
615 930 847 979 infernae
870 932 1036 979 tristia
1063 934 1175 980 vela
1201 935 1354 982 ratis:

166 1024 223 1063 15
266 1017 490 1078 simodo
517 1018 814 1066 damnatum
837 1021 1149 1067 revocaverit
1173 1036 1298 1069 aura
1324 1024 1546 1085 puellae,

337 1115 640 1154 concessum
664 1107 809 1154 nulla
834 1107 948 1169 lege
972 1107 1155 1155 redibit
1178 1107 1291 1156 iter.

852 1310 1162 1319 ----

879 1548 1126 1599 XXVIII.

258 1718 506 1781 Iuppiter,
540 1722 770 1771 adfectae
796 1725 1002 1774 tandem
1028 1728 1267 1776 miserere
1292 1730 1522 1790 puellae:

330 1812 436 1854 tam
461 1806 689 1857 formosa
713 1818 859 1859 tuum
881 1820 1085 1860 mortua
1113 1814 1302 1862 crimen
1329 1816 1440 1864 erit.

257 1894 396 1942 venit
421 1894 559 1942 enim
583 1903 780 1959 tempus
810 1914 912 1961 quo
940 1900 1160 1949 torridus
1189 1910 1390 1951 aestuat
1415 1919 1518 1965 aer,

328 1981 511 2043 incipit
538 1989 588 2029 et
614 1983 752 2031 sicco
779 1985 972 2035 fervere
999 1993 1134 2036 terra
1162 2004 1307 2038 cane.

189 2076 213 2115 5
254 2068 344 2117 sed
368 2083 475 2117 non
500 2077 607 2118 tam
631 2071 826 2121 ardoris
856 2075 1009 2138 culpa
1037 2085 1114 2125 est
1137 2093 1307 2143 neque
1335 2082 1547 2131 crimina
1573 2085 1719 2144 caeli,

326 2172 482 2220 quam
507 2160 696 2209 totiens
722 2171 930 2212 sanctos
957 2180 1065 2213 non
1091 2168 1334 2218 habuisse
1357 2171 1496 2220 deos·

253 2244 354 2293 hoc
380 2246 545 2308 perdit
569 2248 798 2310 miseras,
829 2251 928 2300 hoc
954 2255 1174 2315 perdidit
1199 2265 1337 2318 ante,
1369 2259 1597 2321 puellas:

326 2333 574 2396 quidquid
599 2336 849 2398 iurarunt,
882 2350 1062 2390 ventus
1090 2351 1139 2391 et
1165 2346 1302 2392 unda
1327 2346 1475 2407 rapit.

250 2434 376 2468 num
400 2422 500 2469 sibi
528 2423 771 2472 collatam
795 2426 960 2475 doluit
984 2429 1162 2478 Venus
1188 2432 1302 2494 ipsa
1329 2436 1641 2498 paremque?

149 2512 208 2552 10
321 2522 414 2570 per
436 2523 491 2556 se
516 2509 755 2560 formosis
782 2514 1036 2564 invidiosa
1060 2517 1220 2567 deast.

248 2608 316 2642 an
344 2604 639 2660 contempta
663 2598 756 2647 tibi
781 2602 995 2653 Iunonis
1021 2608 1213 2669 templa
1237 2592 1505 2674 Pela'sgae,
