1942 3000
840 143 1018 181 mmm
1049 145 1090 181 1.
1611 142 1723 192 211,

868 476 995 524 vm
1008 477 1058 524 b.

215 649 312 699 Hic
340 650 449 710 erit,
480 652 564 699 hic
589 652 757 699 iurata
781 660 970 700 manet.
1050 661 1353 715 rumpantur
1378 654 1544 716 iniqui
1566 655 1577 701 t

286 738 527 787 vicimus:
570 739 809 787 adsiduas
838 755 945 787 non
972 741 1090 788 tulit
1114 742 1204 788 illa
1230 755 1424 803 preceS.

213 825 347 874 falsa
371 827 492 875 licet
518 828 733 889 cupidus
761 827 988 889 deponat
1013 828 1201 890 gaudia
1226 829 1384 877 livor:

112 921 172 963 30
286 914 475 963 destitit
497 916 572 963 ire
597 930 758 963 novas
786 914 1009 977 Cynthia
1034 924 1213 965 nostra
1237 917 1362 965 vias,

212 1003 291 1051 illi
319 1017 467 1051 carus
496 1017 592 1065 ego
620 1011 671 1051 et
695 1018 787 1065 per
810 1018 891 1051 me
918 1005 1184 1053 carissima
1205 1005 1374 1053 Roma

284 1090 487 1150 dicitur,
522 1098 572 1139 et
596 1092 708 1140 sine
732 1106 813 1139 me
840 1092 1013 1140 dulcia
1038 1107 1199 1155 regna
1224 1101 1396 1157 negat.

211 1180 304 1227 illa
332 1181 407 1227 vel
434 1188 655 1243 angusto
681 1195 883 1230 meeum
908 1182 1233 1244 requiescere
1258 1183 1390 1231 lecto

286 1277 336 1315 et
362 1283 688 1331 quocumque
713 1270 866 1316 modo
893 1270 1075 1318 maluit
1100 1284 1210 1318 esse
1238 1284 1369 1328 mea,

108 1365 170 1406 35
213 1373 369 1420 quam
393 1358 491 1405 sibi
517 1358 722 1406 dotatae
748 1372 964 1420 regnum
989 1366 1131 1406 vetus
1159 1358 1551 1422 Hippodamiae,

283 1456 334 1494 et
360 1461 487 1509 quas
512 1446 621 1494 Elis
650 1460 774 1510 opes
802 1454 922 1494 anto
949 1454 1155 1510 pararat
1182 1447 1345 1509 equis,

213 1535 441 1597 quamvis
468 1550 657 1598 magna
683 1535 843 1594 daret,
876 1536 1108 1597 quamvis
1134 1536 1332 1583 maiora
1359 1535 1586 1595 daturuS‚

285 1637 391 1670 non
418 1631 588 1670 tamen
612 1623 705 1671 illa
729 1637 871 1671 meos
898 1623 1031 1686 fugit
1056 1637 1209 1670 avara
1235 1623 1396 1670 sinus,

212 1712 346 1760 hanc
372 1726 468 1774 ego
497 1726 605 1759 non
631 1726 777 1771 aum,
809 1726 914 1759 non
942 1711 1084 1759 Indis
1113 1711 1315 1758 flectere
1342 1710 1570 1769 conchis,

104 1809 170 1849 4ο
286 1800 373 1847 sed
401 1800 546 1862 potui
572 1800 748 1848 blandi
775 1800 1016 1848 carminis
1044 1800 1312 1862 obsequio,

213 1895 334 1935 sunt
359 1888 515 1949 igitur
539 1902 733 1946 musae,
768 1902 937 1950 neque
962 1887 1157 1934 amanti
1181 1887 1356 1934 tardus
1382 1887 1576 1948 Apollo
1597 1903 1610 1946 ;

286 1975 400 2037 quis
429 1989 526 2038 ogo
554 1975 714 2023 fretus
741 1990 889 2023 amo:
934 1974 1156 2036 Cynthia
1181 1989 1297 2022 rara
1322 1981 1501 2022 meast.

214 2078 353 2111 nunc
378 2062 503 2110 mihi
530 2077 729 2111 summa
753 2063 876 2111 licet
902 2063 1204 2125 contingere
1230 2062 1397 2110 sidera
1423 2062 1644 2124 plantis:

285 2150 389 2198 sive
416 2150 523 2198 dies
551 2165 642 2198 seu
667 2165 775 2197 nox
798 2150 1013 2209 venerit,
1047 2150 1140 2197 illa
1164 2158 1345 2206 meast,

24 2287 30 2295 ,
105 2247 170 2286 45
214 2253 310 2287 neo
337 2239 461 2287 mihi
488 2239 658 2287 rivalis
687 2246 853 2287 certos
881 2238 1119 2287 subducit
1144 2252 1363 2286 amoreS.

285 2326 384 2374 ista
407 2341 573 2375 meam
600 2327 739 2374 norit
764 2326 929 2388 gloria
955 2325 1213 2374 canitiem.

1300 2695 1393 2742 14’
