1942 3000
784 159 961 198 mmm
995 159 1085 199 111.
1580 156 1684 209 251

25 301 28 316 ³
89 322 153 364 20
260 330 356 364 nec
380 315 506 363 tuba
530 315 598 363 sit
620 314 713 364 fati
739 330 870 364 vana
898 316 1130 379 querella
1154 317 1272 377 mei,

191 417 285 452 nec
308 403 432 451 mihi
460 411 569 451 tum
592 403 759 451 fulcro
786 411 1044 452 sternatur
1070 404 1231 453 lectus
1260 406 1475 464 eburn0‚

259 507 354 542 nec
381 492 447 541 sit
468 493 524 540 in
549 493 778 542 Attalico
804 508 943 543 mors
970 508 1086 543 mea
1111 495 1236 543 nixa
1260 500 1395 543 toro.

191 582 317 630 desit
343 581 611 631 odoriferis
640 582 766 630 ordo
793 583 916 631 mihi
943 583 1197 642 lancibus,
1230 583 1402 632 adsint

260 670 426 733 plebei
454 685 639 734 parvae
665 671 858 719 funeris
888 673 1156 734 exequiae.

85 766 149 807 ⁴25
189 767 269 808 sat
293 773 406 807 mea
431 767 509 808 sat
533 774 724 822 magna
750 767 826 808 est
850 760 894 808 si
921 767 1022 808 tres
1048 760 1150 808 sint
1175 775 1365 824 pompa
1389 760 1569 820 libelli,

258 863 389 911 quos
417 862 514 910 ego
540 848 905 911 Persephonae
928 849 1157 896 maxima
1182 849 1319 898 dona
1344 850 1522 914 feram.

187 943 244 984 tu
268 951 386 985 vero
413 936 608 984 nudum
632 943 811 999 pectus
838 936 1062 986 lacerata
1087 937 1336 1000 sequeris,

258 1038 351 1072 nec
377 1023 534 1072 fueris
563 1037 750 1072 nomen
779 1024 916 1072 lassa
940 1037 1125 1072 vocare
1150 1039 1340 1083 meum,

187 1113 470 1174 osculaque
493 1111 548 1159 in
574 1111 760 1173 gelidis
786 1126 949 1175 pones
976 1127 1216 1175 suprema
1243 1112 1465 1172 labellis,

79 1207 146 1249 30
258 1215 375 1248 cum
401 1199 604 1248 dabitur
629 1200 776 1262 Syrio
802 1215 1014 1249 munere
1038 1201 1222 1264 plenus
1251 1215 1406 1264 onyx.

15 1251 18 1336 Ῐ
186 1287 387 1348 deinde,
417 1288 506 1336 ubi
531 1289 829 1351 suppositus
857 1289 1081 1337 cinerem
1103 1303 1187 1337 me
1211 1289 1392 1338 fecerit
1415 1290 1585 1350 ardor,

255 1377 476 1440 accipiat
498 1391 676 1426 manes
703 1378 915 1440 parvula
939 1385 1070 1426 testa
1093 1392 1254 1436 meos,

185 1472 236 1515 et
262 1466 329 1516 sit
351 1466 407 1514 in
434 1465 621 1530 exiguo
648 1466 823 1516 laurus
850 1481 1007 1531 super
1032 1467 1209 1516 additav
1230 1468 1402 1528 bust0,

255 1568 390 1618 quae
415 1561 559 1617 tegat
584 1554 797 1602 extincti
823 1554 1018 1603 funeris
1045 1556 1228 1603 umbra
1254 1555 1443 1603 locum.

73 1650 141 1693 35
183 1650 235 1692 et
260 1643 362 1691 duo
389 1642 494 1691 sint
518 1657 714 1702 verme,
745 1643 853 1705 ‘qui
880 1657 1020 1691 nunc
1043 1642 1178 1691 iacet
1202 1642 1412 1691 horrida
1437 1642 1625 1706 pulvis,

252 1731 407 1781 unius
433 1731 516 1779 hic
543 1731 805 1794 quondam
830 1745 1008 1780 servus
1033 1731 1244 1780 Amoris
1272 1731 1421 1780 erat.'

181 1834 278 1869 nec
303 1821 475 1868 minus
502 1820 629 1869 haec
656 1819 817 1868 nostri
843 1827 1078 1869 notescet
1104 1819 1241 1868 fama
1266 1819 1507 1883 sepulcri,

254 1923 410 1971 quam
436 1908 641 1957 fuerant
665 1907 838 1957 Phthii
865 1909 1018 1957 busta
1044 1916 1257 1957 cruenta
1280 1907 1392 1956 viri.

178 2003 235 2045 tu
262 2011 471 2060 quoque
495 1997 540 2045 si
566 1998 773 2060 quando
800 1997 972 2046 venies
999 1997 1064 2045 ad
1089 1996 1212 2056 fata,
1244 2005 1502 2046 memento

67 2093 135 2134 40
251 2085 351 2134 hoc
374 2086 500 2135 iter:
544 2086 608 2134 ad
633 2086 829 2149 lapides
857 2101 989 2135 cana
1014 2086 1130 2134 veni
1154 2100 1425 2135 memores.

176 2172 374 2222 interea
400 2188 521 2223 cave
545 2174 615 2222 sis
641 2189 737 2223 nos
764 2174 1073 2238 adspernata
1097 2174 1353 2238 sepultos:

248 2276 356 2310 non
382 2262 510 2310 nihil
536 2263 601 2311 ad
626 2277 799 2311 verum
825 2262 1036 2311 conscia
1061 2270 1197 2311 terra
1221 2263 1372 2326 sapit.
