1942 3000
82 594 139 634 15

71 1035 135 1076 20

824 160 1020 199 unna.

178 328 265 368 aut
285 318 584 367 Lanuvinus
612 327 724 366 ater
748 325 903 381 atque
929 317 1167 366 dentatus

178 415 265 456 aut
285 406 704 468 Transpadanus,
736 413 793 453 ut
817 420 960 453 meos
990 420 1196 469 quoque
1220 405 1483 468 attingam,

177 502 264 545 aut
287 493 376 557 qui
402 495 546 542 lubet
574 494 663 556 qui
689 495 885 557 puriter
911 493 1035 541 lavit
1061 493 1259 552 dentes,

178 592 343 633 tamen
373 584 608 631 renidere
631 597 796 645 usque
822 596 1029 645 quaque
1053 590 1103 631 te
1131 582 1352 631 nollem:

177 688 294 722 nam
319 673 426 721 risu
451 672 628 736 inepto
656 686 736 720 res
762 672 989 735 ineptior
1014 672 1226 720 nullast.

177 776 312 810 nune
341 760 566 810 Celtiber
592 775 674 809 es:
719 759 996 809 Celtiberia
1019 760 1074 808 in
1101 768 1253 819 terra,

176 849 313 913 quod
342 849 563 912 quisque
588 850 788 908 minxit,
821 849 920 897 hoc
945 849 1045 897 sibi
1072 849 1206 898 solet
1228 864 1379 898 mane

176 938 380 986 dentem
404 946 557 1000 atque
583 953 783 986 russam
807 938 1056 986 defricare
1081 938 1357 1001 gingivam‚

176 1034 234 1075 ut
258 1040 362 1089 quo
385 1027 484 1075 iste
508 1034 675 1075 vester
700 1027 978 1090 expolitior
1002 1027 1127 1076 dens
1154 1036 1249 1088 eet,

174 1117 274 1164 hoc
300 1126 351 1164 te
375 1115 595 1179 amplius
621 1116 809 1165 bibisse
835 1116 1096 1179 praedicet
1120 1117 1232 1165 loti.

764 1304 1077 1311 ——-———-—-

809 1487 1033 1537 XXXX.

168 1648 441 1708 Quaenam
466 1657 517 1697 te
543 1649 679 1697 mala
704 1663 867 1709 mens,
899 1649 1101 1697 miselle
1126 1648 1331 1706 Ravide,

166 1737 276 1799 agit
302 1736 635 1799 praecipitem
661 1737 718 1784 in
742 1752 885 1786 meos
911 1737 1147 1786 iambos?

166 1826 286 1887 quis
312 1824 436 1873 deus
465 1825 557 1874 tibi
581 1839 691 1874 non
715 1827 846 1874 bene
870 1825 1149 1874 advocatus

164 1913 440 1962 vecordem
464 1921 612 1977 parat
636 1914 860 1963 excitare
884 1912 1086 1961 rixam?

164 2018 238 2051 an
264 2010 323 2051 ut
349 2002 616 2065 pervenias
642 2003 696 2051 in
723 2017 813 2051 ora
838 2000 1016 2064 vulgi?

163 2091 293 2155 qnid
318 2090 428 2139 vis?
465 2106 569 2153 qua
594 2090 737 2140 lubet
761 2105 874 2140 esse
899 2099 1053 2139 notus
1081 2090 1267 2155 optas?

163 2181 288 2240 eide,
323 2178 739 2242 quandoquidem
765 2194 905 2228 meos
932 2194 1132 2228 amores

163 2282 287 2316 eum
313 2267 474 2329 longa
499 2266 706 2315 voluisti
730 2282 902 2316 amare
927 2282 1115 2330 poena.

157 2722 310 2762 Catull.
363 2721 424 2758 ed.
443 2722 488 2757 H.
1320 2726 1345 2767 3
