1942 3000
748 161 928 199 unna
956 162 1072 200 1111.
1551 161 1653 212 307

102 326 125 365 5
167 326 311 379 turpe
339 323 433 375 est,
466 316 606 378 quod
632 330 879 378 nequeas,
910 317 1064 379 capiti
1089 318 1403 367 committere
1434 320 1655 383 pondus,

235 412 284 452 et
307 419 543 467 pressum
569 403 760 452 inflexo
786 418 911 452 mox
935 404 1060 453 dare
1085 413 1229 467 terga
1253 419 1408 467 genu.

165 492 338 541 omnia
362 508 471 540 non
497 493 687 556 pariter
712 507 881 541 rerum
906 500 1029 541 sunt
1053 493 1303 542 omnibus·
1317 502 1453 557 apta,

232 582 368 630 fama
394 596 491 630 nec
518 595 583 630 ex
607 596 776 645 aequo
803 582 1010 631 ducitur
1038 583 1146 630 ulla
1166 581 1307 644 iugo.

164 670 329 733 gloria
352 669 582 732 Lysippo
609 677 686 718 est
711 671 945 718 animosa
971 670 1219 732 effingere
1244 671 1411 733 signa,

64 768 121 807 10
233 758 428 806 exactis
455 757 680 806 Calamis
707 772 762 807 se
787 757 911 806 mihi
938 758 1094 806 iactat
1120 758 1285 820 equis,

160 847 215 894 in
241 846 458 894 Veneris
487 847 665 894 tabula
688 860 943 894 summam
968 846 1065 894 sibi
1095 847 1243 910 ponit
1263 846 1498 910 Apelles,

230 935 544 983 Parrhasius·
560 950 718 997 parva
742 935 967 985 vindicat
992 944 1100 984 arte
1125 936 1314 997 locum,

160 1029 462 1086 argtunenta
486 1023 650 1096 magis
678 1030 798 1072 sunt
820 1024 1072 1073 Mentoris
1098 1025 1273 1073 addita
1297 1025 1511 1085 formae,

231 1119 284 1159 at
308 1112 456 1172 Myos
485 1113 728 1174 exiguum
755 1113 913 1162 flectit
936 1115 1186 1163 acanthus
1220 1115 1335 1174 iter,

58 1208 120 1247 15
158 1199 432 1247 Phidiacus
462 1199 610 1261 signo
638 1215 694 1249 se
717 1201 949 1263 Iuppiter
977 1210 1127 1250 ornat
1153 1203 1368 1261 ebur-110,

231 1288 524 1336 Praxitelen
551 1288 717 1350 patria
742 1290 964 1338 vindicat
989 1291 1117 1339 urbe
1140 1290 1292 1353 lapis,

162 1383 238 1425 est
264 1377 451 1438 quibus
478 1375 634 1424 Eleae
663 1378 922 1426 concurrit
947 1378 1121 1442 palma
1147 1378 1443 1441 quadrigae,

233 1472 307 1513 est
338 1463 525 1526 quibus
553 1464 607 1513 in
634 1465 826 1513 celeres
854 1466 1022 1528 gloria
1047 1473 1171 1514 nata
1196 1466 1368 1529 pedes.

159 1554 242 1602 hic
269 1561 410 1602 satus
438 1553 502 1601 ad
527 1567 727 1616 pacem,
759 1554 842 1602 hic
869 1555 1216 1602 castrensibus
1244 1553 1382 1602 utilis
1409 1553 1580 1602 armis.

55 1650 116 1690 20
231 1652 445 1689 naturae
471 1641 703 1704 sequitur
727 1641 924 1689 semina
952 1640 1170 1702 quisque
1195 1654 1336 1688 suae.

158 1738 213 1778 at
238 1737 343 1789 tua,
375 1730 671 1791 Maecemw,
706 1731 840 1778 vitae
865 1716 1143 1793 praecelita
1168 1728 1357 1791 recepi,

231 1834 393 1882 cogor
421 1827 469 1868 et
495 1820 741 1882 exemplis
770 1827 820 1867 te
844 1831 1094 1882 superare
1118 1818 1238 1866 tuis.

159 1923 277 1956 cum
304 1908 397 1956 tibi
421 1908 658 1957 Romano
686 1909 918 1957 dominas
943 1908 999 1955 in
1025 1908 1224 1955 honore
1249 1920 1453 1956 secures

230 2004 280 2044 et
303 1996 459 2044 liceat
483 1997 654 2044 medio
682 2011 875 2059 ponere
898 1997 1015 2044 iura
1040 1996 1174 2055 fore,

12 2108 15 2136 r
51 2092 113 2135 25
157 2084 236 2132 vel
264 2084 358 2133 tibi
384 2084 655 2132 Medorum
683 2098 943 2147 pugnaces
970 2084 1047 2132 ire
1073 2098 1165 2147 per
1188 2083 1360 2132 hastas

231 2181 386 2235 atque
412 2187 629 2221 onerare
656 2181 799 2221 tuam
825 2174 928 2221 fixa
951 2187 1045 2236 per
1068 2188 1211 2221 arma
1235 2172 1462 2232 domum,

158 2270 209 2310 et
234 2261 327 2310 tibi
353 2262 417 2310 ad
445 2254 683 2311 effectum
707 2262 837 2310 vires
863 2261 948 2310 det
973 2260 1183 2320 Caesar,
1217 2269 1265 2310 et
1289 2260 1430 2308 omni

228 2357 461 2413 tempore
488 2358 594 2398 tam
618 2349 796 2398 faciles
824 2350 1150 2399 insinuentur
1176 2363 1320 2412 opeS,

155 2439 348 2501 parciS,
382 2447 432 2487 et
457 2440 510 2486 in
537 2447 717 2488 tenues
744 2439 990 2486 humilem
1013 2446 1065 2486 te
1091 2437 1294 2500 colligis
1319 2436 1544 2495 umbras,

46 2536 111 2578 30
230 2527 461 2576 velorum
487 2528 670 2592 plenos
697 2526 954 2576 subtrahis
983 2527 1095 2590 ipse
1121 2527 1284 2574 sinus.

158 2615 309 2664 crede
336 2616 481 2675 mihi,
514 2630 733 2679 magnos
758 2616 1057 2679 aequabunt
1081 2615 1180 2664 ista
1207 2612 1454 2663 Camillos

1245 2722 1336 2770 20·
