1942 3000
803 161 978 199 mmm
1010 162 1071 199 11.
1579 160 1683 212 135

197 316 288 365 illa
311 316 435 365 mihi
462 325 641 366 sancta
667 327 761 375 ost,
792 318 934 365 illius
962 319 1102 367 dona
1126 320 1366 382 sepulcro

269 414 319 455 et
341 407 630 455 madefacta
656 407 782 455 meis
809 415 946 456 serta
972 408 1133 456 feram
1159 408 1406 469 lacrimiS,

195 496 334 544 illius
360 497 424 544 ad
451 496 702 544 tumulum
729 495 926 558 fugiam
953 497 1278 559 supplexque
1304 497 1493 546 sedebo

266 593 316 634 et
339 600 454 634 mea
479 601 596 634 cum
623 594 765 633 muto
792 587 899 634 fata
923 600 1111 649 querar
1136 587 1325 635 cinere.

85 682 154 725 35
197 688 300 722 non
327 673 455 722 feret
480 688 645 735 usque
671 689 821 721 suum
845 681 896 721 te
923 682 1133 736 propter
1159 675 1279 723 flere
1306 675 1570 724 clientem:

261 763 399 812 illius
426 770 483 811 ut
509 763 693 822 verbiS‚
727 762 796 810 sis
822 762 947 812 mihi
974 763 1115 811 lenta
1141 771 1274 824 vem,

195 865 260 899 ne
284 851 377 899 tibi
404 851 625 913 neglecti
650 851 857 900 mittant
882 851 1019 899 mala
1043 849 1246 900 somnia
1270 868 1464 913 manes,

262 948 559 1003 maestaque
585 940 785 1002 sopitae
810 947 908 988 stet
932 955 1082 989 soror
1105 949 1225 989 ante
1252 948 1438 1001 torum,

193 1029 359 1091 qualis
385 1030 450 1077 ab
478 1030 682 1077 excelsa
710 1044 954 1092 praeceps
982 1030 1194 1094 delapsa
1220 1031 1449 1079 fenestra

70 1121 150 1166 *40
263 1118 397 1165 venit
422 1119 484 1166 ad
509 1118 740 1166 infernos
768 1118 1169 1180 sanguinolenta
1195 1119 1358 1166 lacus.

155 1205 353 1266 desino,
385 1221 450 1254 ne
475 1207 713 1255 dominae
738 1208 905 1255 luctus
934 1215 1244 1255 renoventur
1268 1207 1464 1256 acerbi:

263 1308 366 1342 non
395 1309 491 1359 ego
520 1311 631 1344 sum
658 1296 805 1354 tanti,
840 1296 1008 1358 ploret
1032 1303 1087 1343 ut
1109 1296 1201 1344 illa
1228 1273 1407 1345 semel.

188 1398 287 1433 nec
311 1383 535 1432 lacrimis
563 1385 743 1432 oculos
770 1384 928 1446 digna
953 1393 1030 1431 est
1055 1385 1264 1433 foedare
1291 1385 1568 1448 loquaces:

263 1474 384 1522 lena
410 1481 564 1522 nocet
588 1473 756 1532 nobis,
790 1474 903 1536 ipsa
929 1472 1104 1536 puella
1130 1474 1334 1523 bonast.

81 1572 149 1612 45
191 1562 312 1611 lena
336 1570 487 1611 necat
511 1563 755 1610 miserum
780 1562 983 1624 Phryne
1009 1564 1286 1625 furtimque
1311 1563 1529 1611 tabellas

264 1651 468 1699 occulto
496 1660 708 1713 portans
733 1652 876 1713 itque
903 1652 1135 1714 reditque
1161 1652 1307 1700 sinu:

189 1754 363 1802 saepe,
396 1753 493 1801 ego
522 1754 638 1787 cum
664 1740 902 1788 dominae
928 1741 1105 1788 dulces
1132 1754 1163 1788 a
1189 1739 1366 1790 limine
1391 1741 1519 1789 duro

260 1842 489 1891 agnosco
517 1843 685 1886 voce8‚
716 1828 845 1876 haec
872 1838 1027 1890 negat
1053 1843 1167 1876 csse
1190 1829 1357 1878 domi:

188 1932 363 1980 saepe,
394 1918 481 1965 ubi
503 1933 611 1966 nox
635 1918 889 1980 promissa
908 1918 1033 1966 mihi
1064 1926 1155 1978 cst,
1185 1919 1431 1980 languere
1454 1919 1684 1981 puellam

74 2015 141 2055 50
258 2007 464 2054 nuntiat
486 2015 575 2055 aut
600 2007 798 2069 aliquas
827 2007 1124 2056 extimuisse
1148 2008 1334 2055 minas.

183 2102 298 2142 tum
322 2095 514 2142 morior
539 2095 692 2153 curiS‚
726 2103 835 2143 tum
858 2110 1005 2144 mens
1032 2096 1154 2143 mihi
1181 2095 1379 2159 perdita
1403 2095 1568 2158 fingit,

259 2183 437 2245 quisve
463 2197 629 2231 meam
655 2190 845 2242 teneat,
881 2191 1012 2245 quot
1035 2192 1267 2232 teneatvc
1292 2183 1455 2231 modis
1474 2218 1485 2231 .

182 2277 296 2318 tum
321 2271 432 2330 tibi,
464 2271 602 2330 lena,
634 2286 818 2334 precor
843 2271 1011 2320 diras:
1054 2272 1180 2319 satis
1208 2271 1364 2319 anxia
1389 2271 1548 2329 vivas,

253 2360 474 2408 moverit
499 2373 527 2408 e
553 2360 684 2408 votis
712 2375 830 2423 pars
857 2369 1239 2422 quotacumque
1263 2361 1405 2409 deos,
