1942 3000
279 184 348 235 8ss
895 185 1152 224 cxrunm

278 345 366 393 sed
392 344 485 392 tibi
512 358 579 392 ne
602 357 717 391 mea
741 343 846 391 sint
870 342 1048 405 ignota
1073 340 1416 400 incommoda,
1447 341 1607 400 Mani,

348 447 450 481 neu
473 446 556 480 me
582 432 750 479 odisse
776 439 922 494 putes
948 431 1165 493 hospitis
1193 430 1438 488 officium,

278 522 472 584 accipe,
503 521 617 583 quis
644 534 835 568 merser
863 520 1101 568 fortunae
1128 519 1365 567 fluctibus
1389 519 1519 582 ipse,

350 624 416 658 ne
443 610 661 672 amplius
688 624 718 656 a
743 609 929 657 misero
957 609 1095 656 dona
1121 609 1270 656 beata
1295 614 1458 670 petae.

181 707 239 746 15
280 706 508 762 tempore
534 713 637 761 quo
665 698 886 761 primum
911 697 1064 745 vestis
1090 696 1215 744 mihi
1243 696 1429 745 tradita
1454 703 1649 759 purast,

349 787 629 835 iucundum
655 801 772 834 cum
797 794 938 835 aetas
968 786 1152 833 florida
1176 800 1261 833 ver
1286 792 1478 847 ageret,

278 877 441 925 multa
464 876 587 924 satis
614 875 743 923 lusi:
787 890 892 923 non
921 884 998 923 est
1024 876 1119 922 dea
1149 866 1323 922 nescia
1348 872 1510 920 nostri

352 978 485 1028 quae
511 965 712 1012 dulcem
738 964 871 1012 curis
896 964 1076 1012 miscet
1102 962 1414 1011 amaritiem:

282 1053 370 1101 sed
397 1060 560 1101 totum
585 1052 685 1100 hoc
710 1052 936 1100 studium
961 1052 1104 1100 luctu
1130 1052 1355 1099 fraterna
1380 1049 1504 1098 mihi
1527 1063 1666 1097 mors

178 1150 241 1190 20
353 1141 580 1190 abstulit.
660 1155 690 1189 o
718 1141 905 1188 misero
933 1140 1092 1187 frater
1115 1140 1353 1201 adempte
1378 1137 1520 1194 mihi,

281 1237 338 1278 tu
362 1244 476 1279 mea
504 1237 560 1277 tu
583 1230 808 1278 moriens
834 1228 1032 1291 fregisti
1058 1227 1342 1285 commoda,
1373 1227 1546 1285 frater,

353 1326 521 1367 tecum
545 1333 648 1366 una
673 1326 781 1367 tota
807 1326 884 1366 est
910 1325 1084 1365 nostra
1110 1316 1313 1378 sepulta
1338 1315 1536 1373 domus,

282 1407 455 1455 omnia
478 1413 646 1455 tecum
672 1421 777 1454 una
804 1406 1066 1469 perierunt
1091 1405 1277 1466 gaudia
1303 1411 1495 1462 nostra,

352 1511 484 1560 quae
509 1504 627 1545 tuus
655 1495 709 1545 in
735 1495 840 1544 vita
866 1494 1030 1543 dulcis
1059 1494 1230 1542 alebat
1254 1508 1415 1541 amor.

179 1594 241 1635 25
283 1586 427 1634 cuius
456 1600 550 1647 ego
577 1585 786 1633 interitu
812 1592 922 1632 tota
947 1585 1011 1632 de
1035 1591 1207 1631 mente
1231 1581 1403 1645 fugavi

353 1674 477 1722 haec
504 1673 673 1722 studia
698 1681 851 1735 atque
879 1672 1046 1720 omnis
1074 1671 1284 1720 delicias
1311 1668 1483 1717 animi.

283 1776 459 1825 quare,
491 1762 630 1824 quod
657 1761 839 1810 scribis
865 1761 1106 1808 Veronae
1132 1767 1280 1821 turpe
1306 1756 1514 1807 Catullo

354 1864 483 1911 esse,
515 1850 654 1913 quod
682 1849 764 1898 hic
794 1848 959 1911 quivis
988 1848 1050 1895 de
1075 1847 1288 1895 meliore
1313 1853 1438 1894 nota

281 1939 470 2002 frigida
495 1939 694 1987 deserto
721 1937 998 2000 tepefactet
1022 1936 1249 1983 membra
1275 1934 1450 1994 cubili,

182 2037 242 2078 3ο
354 2028 424 2087 id,
455 2027 616 2087 Mani,
647 2041 754 2075 non
779 2034 856 2074 est
879 2032 1045 2087 turpe,
1076 2024 1238 2087 magis
1263 2023 1571 2072 misci-umet.

283 2116 522 2179 ignosces
548 2115 723 2178 igitur,
754 2115 815 2173 si,
847 2128 979 2177 quae
1005 2113 1126 2161 mihi
1152 2113 1317 2161 luctus
1345 2112 1550 2172 ademit,

356 2206 482 2254 haec
508 2204 599 2252 tibi
626 2219 731 2252 non
758 2203 926 2251 tribuo
952 2216 1184 2261 munera,
1218 2216 1334 2249 cum
1360 2214 1579 2263 nequeo,

285 2308 403 2342 nam
444 2293 580 2357 quod
619 2292 924 2355 scriptorum
959 2305 1066 2338 non
1106 2305 1293 2353 magna
1328 2297 1406 2338 est
1451 2289 1602 2352 copia
1642 2288 1778 2351 apud

499 2396 598 2441 me,

358 2471 454 2520 hoc
483 2471 540 2518 fit
565 2469 702 2532 quod
729 2468 923 2517 Romae
948 2468 1189 2517 vivimus:
1232 2467 1325 2516 illa
1349 2467 1547 2526 domuc,

185 2568 244 2608 35
284 2559 377 2608 illa
401 2559 525 2607 mihi
552 2558 716 2619 sedeS,
749 2559 855 2607 illic
881 2572 998 2606 mea
1024 2558 1249 2620 carpitur
1275 2562 1445 2604 aetas:

356 2648 456 2697 huc
481 2662 585 2697 una
611 2662 674 2696 ex
702 2647 873 2697 multis
901 2646 1114 2710 capsula
1138 2661 1219 2695 me
1244 2644 1489 2707 sequitur.

9 2886 143 2974 .
