1942 3000
757 142 934 182 mnan
965 142 1080 184 1111.
1561 137 1689 187 303.

57 308 123 348 29
168 298 255 357 ite,
289 305 424 345 rates
450 311 629 346 curvas
658 306 708 346 et
733 299 822 347 leti
849 299 1007 347 texite
1034 313 1247 347 causas:

59 397 122 436 30
238 388 340 436 ista
366 401 458 449 per
482 388 734 436 humanas
761 403 898 437 mors
926 388 1064 435 venit
1088 394 1203 436 acta
1227 401 1429 436 manus,

168 484 303 524 terra
329 492 509 538 parum
534 477 703 526 fuerat
728 478 878 527 fatis:
922 477 1200 525 adiecimus
1227 477 1412 536 unda3‚

240 564 478 614 fortunae
503 566 714 614 miseras
741 566 981 614 auximus
1008 573 1116 614 arte
1144 564 1269 613 vias.

168 667 359 701 ancora
385 661 435 701 te
462 661 650 713 toneat,
682 668 838 716 quem
864 668 970 702 non
998 661 1209 701 tenuere
1235 653 1486 715 penates?

240 741 362 803 quid
386 743 623 792 meritum
651 742 810 800 dicas,
846 742 927 789 cui
954 756 1049 789 sua
1073 748 1208 790 terra
1233 740 1496 803 parumst?

57 837 121 876 :35
165 837 434 878 ventorum
460 836 538 876 est
563 829 923 891 quodcumque
948 844 1132 891 paras:
1174 828 1311 875 haud
1338 829 1445 876 ulla
1471 827 1650 877 carina

238 917 529 975 consenuit,
562 917 695 965 fallit
718 924 897 979 portus
927 925 977 965 et
1000 917 1112 979 ipse
1138 917 1306 965 fidem.
1393 967 1397 970 ,

165 1012 349 1052 natura
363 999 622 1054 'insidians
649 1013 868 1068 pontum
893 1006 1168 1054 substravit
1192 1004 1384 1054 avaris:

31 1069 34 1160 Ι
236 1100 292 1139 ut
320 1092 408 1140 tibi
434 1093 690 1152 succedat,
723 1094 808 1141 vix
832 1094 988 1142 semel
1018 1108 1130 1141 esse
1154 1100 1340 1157 potest.

31 1165 34 1178 ’
162 1195 287 1229 saxa
312 1181 644 1243 triumphales
669 1182 870 1244 fregere
896 1181 1166 1245 Capharea
1190 1196 1408 1244 puppeS,

48 1281 74 1320 4
89 1281 117 1319 0
234 1270 485 1332 naufraga
512 1286 629 1319 cum
653 1278 797 1320 vasto
827 1271 1045 1320 Graecia
1069 1278 1236 1320 tracta
1263 1271 1443 1318 salost.

162 1360 432 1422 paullatim
457 1360 657 1407 socium
682 1360 931 1408 iacturam
955 1360 1093 1409 flevit
1116 1359 1315 1419 UlixeS,

231 1447 285 1493 in
311 1461 451 1494 mare
479 1447 561 1494 cui
588 1447 726 1496 soliti
753 1462 859 1495 non
887 1449 1092 1496 valuere
1119 1448 1243 1496 doli.

161 1535 300 1597 quod
328 1536 371 1584 si
399 1542 670 1590 contentus
696 1536 864 1598 patrio
891 1538 1023 1585 bove
1047 1543 1266 1584 verteret
1290 1549 1465 1597 agrOS‚

230 1625 486 1687 verbaque
511 1624 744 1672 duxisset
769 1624 969 1687 pondus
999 1624 1189 1673 habere
1213 1637 1344 1683 mea,

31 1724 112 1767 245
158 1713 348 1762 viveret
372 1721 493 1761 ante
517 1728 639 1762 suos
666 1712 829 1765 dulcis
857 1712 1070 1762 conviva
1104 1718 1334 1775 penateS,

229 1817 443 1864 pauper,
475 1810 529 1850 at
552 1803 607 1850 in
631 1809 782 1861 terra,
816 1802 890 1850 nil
918 1801 1006 1850 ubi
1034 1803 1158 1849 flare
1183 1808 1368 1863 potest.

155 1905 263 1939 non
289 1892 407 1938 tulit
431 1891 514 1940 hic
538 1892 726 1940 Paetus
754 1891 1025 1940 stridorem
1050 1890 1227 1938 audire
1255 1890 1515 1952 procellae

229 1987 280 2027 et
305 1981 432 2028 duro
461 1987 665 2027 teneras
692 1980 895 2028 laedere
921 1980 1047 2027 fune
1073 1994 1273 2040 manuae,

156 2068 245 2115 sed
275 2068 413 2129 thyio
440 2066 667 2114 thalamo
696 2074 785 2114 aut
811 2065 987 2114 Oricia
1011 2067 1300 2116 terebintho

48 2165 112 2205 50
231 2163 281 2203 et
305 2156 492 2203 fultum
517 2155 694 2218 pluma
720 2155 1027 2203 versicolore
1056 2163 1223 2217 caput.

155 2245 278 2292 huic
305 2245 489 2291 fluctus
516 2243 629 2290 vivo
657 2242 901 2291 radicitus
929 2244 1140 2292 abstulit
1166 2258 1382 2306 ungues,

228 2339 280 2379 et
303 2332 457 2379 miser
482 2331 697 2379 invisam
723 2331 890 2379 traxit
907 2331 1093 2379 hiatus‘
1105 2347 1321 2393 aquam3
1359 2312 1364 2317 ⁵

153 2420 292 2467 hunc
319 2434 475 2482 parvo
503 2419 625 2468 ferri
651 2419 774 2467 vidit
799 2434 905 2467 nox
929 2420 1151 2483 inproba
1176 2419 1350 2481 ligno:

226 2509 413 2556 Paetus
442 2515 497 2556 ut
523 2509 793 2568 occideret,
824 2516 901 2556 tot
927 2509 1097 2556 coiere
1123 2509 1275 2555 mala.

41 2607 110 2647 55
153 2597 283 2645 flens
309 2603 481 2645 tamen
507 2596 744 2645 extremis
772 2597 910 2645 dedit
936 2597 1061 2646 haec
1086 2597 1329 2644 mandata
1354 2595 1618 2658 querellis»,
