1942 3000
784 175 963 213 mmm
994 176 1033 213 1.
1555 170 1659 221 143

233 334 496 395 tergebam
522 340 752 381 umentes
778 332 1016 380 credulus
1041 345 1206 394 usque
1230 345 1409 394 genas.

163 422 289 485 quid
315 422 520 482 faciam,
552 423 651 470 nisi
678 429 729 470 et
753 422 866 484 ipse
891 421 1029 469 fores
1054 420 1109 467 in
1134 434 1307 468 amore
1332 419 1575 483 puellae?

50 520 116 560 40
234 511 323 560 sed
348 525 530 574 precor
553 510 790 573 exemplo
815 510 882 558 sit
906 509 1029 557 levis
1055 509 1149 557 illa
1173 517 1282 557 tuo·

164 615 196 648 0
225 599 480 662 quotiens,
513 598 677 647 verbis
703 612 768 646 ne
793 599 1069 661 quisquam
1095 598 1329 646 conscius
1357 604 1510 655 esset,

234 688 346 750 ipse
371 701 544 735 comes
568 687 731 733 multa
755 687 951 735 lumina
977 695 1129 735 nocte
1152 686 1276 752 tuli!

161 791 318 839 saepe
342 775 626 840 insperanti
652 775 790 823 venit
814 775 908 823 tibi
934 789 1146 823 munere
1171 782 1351 823 nostro

237 872 288 913 et
310 865 459 913 latuit
487 864 688 913 clausas
714 871 834 926 post
858 865 1106 927 adoperta
1129 863 1284 911 soree.

52 964 116 1004 45
163 961 273 1003 tum
298 954 452 1001 miser
473 953 663 1012 interii,
690 953 844 1001 stulte
872 954 1097 1001 confisus
1123 951 1312 1000 amari:

234 1057 356 1090 nam
380 1048 612 1105 poteram
636 1042 700 1088 ad
725 1042 941 1104 laqueos
967 1041 1166 1089 cautior
1190 1054 1301 1089 esse
1327 1047 1461 1088 tuos.

163 1131 289 1194 quin
316 1131 468 1178 etiam
493 1129 713 1178 attonita
738 1131 915 1178 laudes
940 1130 1035 1178 tibi
1061 1137 1232 1177 mente
1256 1129 1522 1189 canebam,

236 1227 287 1267 et
312 1233 393 1267 me
416 1233 556 1268 nunc
583 1218 744 1267 nostri
771 1218 1134 1282 Pieridumque
1159 1218 1332 1281 pudet.

160 1308 255 1356 illa
279 1301 433 1355 velim
455 1307 635 1370 rapida
658 1307 924 1356 Vulcanus
950 1308 1180 1356 carmina
1206 1308 1411 1355 flamma

54 1405 116 1447 50
235 1403 426 1444 torreat
450 1402 501 1444 et
526 1395 723 1457 liquida
746 1395 915 1444 deleat
939 1396 1106 1444 amnis
1132 1411 1285 1458 aqua.

161 1492 219 1534 tu
243 1483 424 1549 procul
451 1484 572 1533 hinc
596 1484 754 1546 absis,
786 1484 867 1533 cui
893 1485 1113 1534 formam
1136 1485 1353 1534 vendere
1379 1489 1552 1533 curast

238 1581 290 1622 et
313 1574 532 1636 pretium
556 1575 711 1636 plena
737 1574 930 1636 grande
954 1573 1144 1622 referre
1171 1588 1346 1622 manu.

160 1671 214 1710 at
238 1669 306 1723 te,
338 1662 426 1724 qui
452 1677 668 1726 puerum
694 1662 841 1711 donis
868 1677 1195 1725 corrumpere
1220 1676 1273 1711 es
1298 1676 1473 1721 ausus,

236 1751 397 1798 rideat
422 1750 649 1800 adsiduis
674 1766 806 1800 uxor
831 1752 999 1800 inulta
1022 1751 1175 1811 dolis,

54 1849 117 1890 55
162 1848 214 1889 et
241 1854 358 1888 cum
383 1839 568 1888 furtivo
594 1840 829 1888 iuvenem
854 1841 1120 1889 lassaverit
1146 1855 1258 1899 usu,

236 1936 403 1976 tecum
427 1928 732 1991 interposita
755 1929 1000 1991 languida
1024 1936 1163 1977 veste
1190 1929 1356 1977 cubet.

160 2030 363 2079 semper
387 2017 492 2065 sint
517 2025 727 2065 externa
750 2025 840 2065 tuo
867 2017 1080 2079 vestigia
1106 2017 1262 2077 lecte,

235 2113 286 2154 et
311 2112 486 2168 pateat
511 2092 708 2168 cupidis
734 2119 934 2168 semper
959 2113 1136 2168 aperta
1161 2106 1373 2154 domus:

160 2208 261 2242 nec
286 2193 477 2242 lasciva
501 2209 647 2242 soror
672 2193 872 2241 dicatur
897 2194 1049 2257 plura
1074 2194 1266 2243 bibisse

53 2291 116 2331 60
235 2283 425 2345 pocula
449 2283 526 2330 vel
553 2283 724 2346 plures
752 2283 1026 2331 emeruisse
1050 2283 1201 2332 vitoe.

158 2370 307 2418 illam
332 2384 486 2433 saepe
510 2371 682 2418 ferunt
709 2371 940 2419 convivia
965 2372 1151 2420 ducere
1175 2371 1402 2430 Bacche,

233 2458 357 2505 dum
383 2465 495 2506 rota
519 2458 745 2507 Luciferi
775 2469 1020 2522 provocet
1044 2468 1156 2509 orta
1182 2460 1342 2507 diem:

158 2547 255 2594 illa
279 2547 426 2595 nulla
450 2555 605 2609 queat
628 2547 810 2596 melius
839 2563 1143 2597 consumere
1168 2556 1374 2597 noctem

233 2643 324 2684 aut
350 2649 563 2699 operum
586 2636 751 2684 varias
779 2636 1095 2699 disposuisse
1120 2637 1270 2686 vieeS.
