1942 3000
263 170 371 221 Μ
849 172 1173 212 Pnornn‘rn

159 339 223 379 25
263 344 369 379 non
397 345 493 394 ego
519 345 660 380 nunc
685 344 866 379 vereor
889 344 955 378 ne
982 330 1079 378 sim
1103 329 1194 378 tibi
1222 328 1374 378 vilior
1395 329 1533 382 istis:

333 419 425 467 uni
452 419 600 482 siqua
625 420 813 482 placet,
846 418 985 467 culta
1009 418 1185 481 puella
1209 425 1289 466 sat
1316 427 1424 478 θεῇς

264 522 381 557 cum
405 507 498 555 tibi
523 507 826 571 praesertim
850 507 1091 556 Phoebus
1118 522 1213 555 sua
1238 506 1465 556 carmina
1489 506 1648 555 donet

330 596 661 659 Aoniamque
685 596 851 644 libens
879 594 1148 659 Calliopea
1173 597 1354 658 lyram,
1399 651 1420 668 x

263 684 417 733 unica
440 699 538 733 nec
563 684 692 733 desit
713 684 949 733 iucundis
977 683 1143 746 gratia
1166 681 1351 744 verbis,

159 777 221 821 3ο
334 772 506 821 omnia
531 786 768 835 quaeque
792 772 970 821 Venus
998 787 1237 836 quaeque
1258 772 1491 821 Minerva
1515 773 1722 836 probat.

262 861 341 910 his
367 869 423 910 tu
447 876 648 925 semper
673 861 772 909 eris
797 869 1007 910 nostrae
1031 861 1321 924 gratissima
1344 862 1494 920 vitae,

332 949 502 998 taedia
527 950 649 998 dum
672 949 889 998 miserae
913 950 1021 997 sint
1043 949 1136 997 tibi
1159 950 1411 1000 luxuriae.

957 1320 1053 1369 ΙΠ.

264 1480 443 1542 Qualis
469 1481 671 1532 Thesea
695 1481 853 1531 iacuit
876 1481 1091 1531 cedente
1122 1480 1297 1530 carina

333 1571 582 1634 languida
606 1571 815 1621 desertis
844 1570 1049 1620 Gnosia
1072 1570 1325 1630 litoribuS‚

263 1660 433 1724 qualis
461 1668 512 1708 et
534 1660 775 1709 accubuit
800 1660 965 1724 primo
994 1658 1220 1723 Cepheia
1245 1674 1428 1708 somno

331 1748 496 1796 libera
519 1748 623 1796 iam
647 1749 787 1796 duris
815 1748 1014 1797 cotibus
1038 1747 1387 1807 Andromede,

194 1843 220 1883 5
259 1851 355 1885 nec
380 1837 551 1885 minus
575 1836 800 1885 adsiduis
825 1836 1021 1884 Edonis
1047 1834 1187 1883 fessa
1211 1835 1412 1885 choreis

331 1925 498 1987 qualis
524 1925 579 1974 in
606 1924 826 1973 herboso
854 1923 1085 1973 concidit
1108 1924 1370 1987 Apidano,

260 2013 375 2061 talis
402 2013 512 2061 visa
534 2013 660 2061 mihi
685 2012 895 2061 mollem
919 2013 1118 2075 spirare
1140 2013 1366 2076 quietem

331 2100 553 2163 Cynthia
577 2116 683 2150 non
710 2101 861 2150 certis
887 2102 1012 2150 nixa
1037 2109 1194 2164 caput
1217 2101 1472 2161 manibu8‚

261 2190 403 2237 ebria
428 2205 546 2239 eum
569 2190 731 2238 multo
759 2191 1015 2239 traherem
1039 2190 1256 2254 vestigia
1275 2189 1485 2238 Baccho

158 2284 219 2326 10
333 2284 383 2325 et
408 2285 681 2340 quaterent
703 2292 819 2327 sera
844 2286 996 2327 nocte
1019 2279 1187 2327 facem
1211 2279 1376 2343 pueri.

258 2366 392 2414 hanc
419 2380 532 2429 ege,
563 2367 795 2415 nondum
819 2367 977 2416 etiam
1000 2381 1180 2416 sensus
1206 2367 1499 2430 deperditus
1526 2381 1724 2426 omne8‚

330 2455 554 2503 molliter
575 2455 809 2520 inpresso
836 2471 1000 2504 conor
1023 2456 1163 2504 adire
1186 2464 1320 2504 tore.

260 2549 311 2592 et
334 2544 566 2607 quamvis
592 2544 786 2609 duplici
812 2552 1107 2606 correptum
1131 2544 1314 2592 ardore
1336 2530 1573 2592 iuberent

328 2631 425 2680 hac
449 2632 615 2682 Amor
637 2634 732 2682 hac
758 2632 932 2692 Liber,
965 2633 1123 2682 durus
1147 2639 1365 2695 uterque
1390 2632 1532 2691 deus,
