1942 3000
790 180 973 219 uni-:R
1003 180 1094 218 111.
1587 175 1698 228 249

878 443 998 493 ΧΠ.
1048 431 1108 484 4*

202 601 522 666 Quicumque
545 602 635 650 ille
660 601 758 650 fuit
782 616 1000 666 puerum
1025 603 1114 666 qui
1140 591 1309 666 pinxit
1330 602 1602 662 Amorem,

267 705 443 740 nonne
467 698 617 754 putas
642 692 797 739 miras
825 691 963 739 hunc
990 691 1235 739 habuisse
1258 690 1479 740 manus?

200 780 283 830 hic
306 781 528 844 primum
552 780 675 828 vidit
701 780 814 828 sine
839 794 994 828 seusu
1020 780 1186 828 vivere
1211 788 1442 845 amantes

267 875 318 916 et
342 869 536 917 levibus
565 868 701 917 euris
727 882 918 931 magna
942 867 1113 931 perire
1138 869 1294 917 bona.

131 965 157 1005 5
195 957 329 1005 idem
354 972 461 1006 non
487 958 677 1006 frustra
700 965 937 1006 ventosas
963 956 1160 1005 addidit
1185 958 1314 1018 alaS‚

265 1046 388 1094 feeit
411 1053 462 1095 et
486 1047 712 1095 humano
739 1047 893 1095 eorde
918 1046 1092 1094 volare
1118 1047 1304 1106 deum3

196 1133 391 1183 scilicet
416 1134 615 1182 alterna
642 1134 889 1197 quoniam
914 1134 1166 1184 iactamur
1189 1135 1244 1182 in
1270 1134 1427 1194 unda,

266 1230 547 1285 nostraque
574 1239 684 1300 nqn
703 1224 828 1294 pllis
855 1232 1122 1287 permanet
1146 1238 1274 1273 aura
1297 1224 1445 1273 lociS.

196 1317 244 1359 et
267 1310 448 1359 merito
476 1295 693 1372 haiffatis
720 1327 902 1360 manus
931 1319 1009 1360 est
1033 1319 1229 1360 armata
1255 1312 1454 1376 sagittis
1556 1357 1577 1386 s!
1642 1343 1655 1396 (

90 1406 153 1449 10
265 1405 315 1447 et
342 1399 580 1461 pharetra
606 1414 672 1448 ex
698 1413 873 1448 umero
902 1399 1101 1449 Gnosia
1126 1406 1349 1462 utroque
1373 1401 1509 1450 iacet
1528 1381 1561 1460 ;ζ
1590 1377 1623 1407 st
1680 1387 1693 1414 Γ

191 1495 313 1538 ante
339 1488 457 1538 ferit
481 1488 747 1552 quoniam,
780 1488 876 1538 tuti
903 1475 1060 1553 quain
1087 1488 1342 1539 cernimus
1369 1489 1617 1549 hostem,‘

263 1591 359 1626 nec
386 1578 664 1641 quisquam
691 1592 755 1626 ex
781 1578 873 1626 illo
899 1578 1112 1626 vulnere
1138 1592 1294 1626 sanus
1321 1578 1445 1627 abit.

191 1666 247 1714 in
274 1681 355 1715 me
380 1667 484 1715 tela
510 1672 738 1726 manent,
770 1673 944 1714 manet
970 1673 1022 1714 et
1047 1666 1255 1729 puerilis
1282 1665 1485 1730 imago:

263 1755 353 1803 sed
381 1762 519 1804 certe
544 1768 741 1818 pennas
770 1755 988 1817 perdidit
1012 1754 1103 1804 ille
1127 1768 1265 1816 suas,

85 1851 149 1894 15
192 1845 364 1893 evolat
389 1845 490 1894 heu
518 1851 697 1893 nostro
725 1845 972 1908 quoniam
999 1845 1061 1893 de
1086 1855 1295 1908 pectore
1321 1859 1596 1908 nusquam,

261 1933 610 1998 adsiduusque
635 1949 750 1983 meo
779 1935 1035 1997 sanguine
1059 1935 1199 1983 bella
1223 1935 1374 1997 gerit.

190 2022 316 2085 quid
341 2022 435 2071 tibi
461 2023 745 2071 iucundum
773 2032 849 2072 est
874 2024 1024 2072 siccis
1052 2023 1285 2073 habitare
1306 2021 1581 2073 medullis?

264 2110 307 2158 si
334 2110 500 2173 pudor
527 2118 621 2171 est,
652 2111 755 2159 alio
783 2111 939 2160 traice
964 2113 1069 2161 tela
1093 2118 1198 2161 tua.

184 2199 410 2249 intactos
436 2201 536 2249 isto
562 2200 722 2249 satius
749 2208 1002 2264 temptare
1025 2216 1254 2250 veneno:

80 2295 145 2337 20
261 2303 369 2336 non
398 2302 513 2350 ego,
548 2288 636 2337 sed
665 2288 833 2336 tenuis
860 2289 1073 2352 vapulat
1098 2289 1277 2337 umbra
1301 2303 1432 2338 mea.

186 2393 344 2442 quam
372 2378 414 2426 si
440 2377 739 2441 perdideriS,
775 2377 887 2439 quis
916 2377 1011 2426 erit
1036 2378 1125 2441 qui
1149 2377 1276 2427 talia
1301 2383 1473 2425 cantet

263 2466 417 2531 (haec
442 2481 558 2516 mea
582 2481 731 2515 musa
757 2465 882 2513 levis
911 2465 1078 2528 gloria
1103 2480 1291 2528 magna
1317 2464 1499 2527 tuast),

185 2555 276 2619 qui
305 2562 459 2618 caput
486 2562 537 2604 et
561 2554 746 2617 digitos
774 2562 824 2603 et
848 2554 1045 2602 lumina
1070 2554 1218 2617 nigra
1243 2555 1446 2618 puellae

261 2650 312 2692 et
335 2650 490 2694 canat
513 2651 572 2692 ut
595 2643 800 2692 soleant
824 2643 1049 2691 molliter
1070 2643 1144 2691 ire
1170 2641 1364 2706 pedes?
