1942 3000
778 167 956 205 unna
989 168 1047 206 v.
1559 166 1661 218 353

243 320 438 368 horruit
462 320 656 382 algenti
682 322 896 383 pergula
922 329 1068 369 curta
1092 322 1229 370 foco.

176 408 422 469 exequiae
446 408 649 455 fuerant
673 409 772 455 rari
799 408 986 456 furtiva
1012 410 1186 471 capilli

74 505 134 544 ‘10
242 496 446 542 vincula
471 501 521 543 et
545 495 792 543 inmundo
820 496 1012 558 pallida
1037 497 1186 544 mitra
1219 497 1338 556 situ,

176 592 226 632 et
248 584 390 632 canis
415 583 467 631 in
497 590 698 631 nostros
727 584 880 631 nimis
908 593 1206 647 experrecta
1232 585 1454 643 dolores,

245 685 359 719 cum
384 670 612 719 fallenda
636 685 751 718 meo
778 673 968 733 pollice
995 674 1154 720 clatra
1180 674 1364 721 forent.

175 761 240 808 sit
264 760 490 808 tumulus
516 760 664 807 lenae
690 766 834 807 curto
860 767 1003 807 vetus
1029 760 1277 822 amphora
1303 761 1468 808 collo:

244 833 424 908 urgeat
448 848 585 895 hunc
609 862 765 909 supra
790 847 881 905 vis,
916 848 1170 909 caprifice,
1203 854 1307 894 tua.

71 945 132 985 75
177 936 407 998 quisquis
434 950 595 995 amas,
628 935 819 983 scabris
847 935 946 983 hoc
976 937 1180 983 bustum
1206 936 1403 984 caedite
1429 937 1585 995 saxis,

244 1024 505 1085 mixtaque
533 1038 648 1070 cum
674 1023 811 1070 saxis
836 1022 1008 1070 addite
1035 1023 1186 1071 verba
1211 1024 1363 1071 mala.

871 1391 961 1439 VI.

175 1551 334 1600 Sacra
357 1551 484 1598 facit
508 1558 644 1598 vates
664 1568 675 1598 :
720 1551 823 1598 sint
849 1565 939 1598 ora
965 1550 1192 1597 faventia
1217 1550 1375 1598 sacris

247 1646 296 1686 et
321 1639 469 1686 cadat
493 1644 614 1685 ante
637 1651 776 1685 meos
804 1638 907 1685 icta
929 1638 1144 1685 iuvenca
1177 1638 1341 1685 focos,

172 1741 262 1774 ara
286 1725 561 1774 Philetaeis
590 1734 747 1774 certet
772 1726 1006 1773 Romana
1033 1726 1305 1787 corymbiS‚

245 1822 295 1863 et
321 1814 610 1875 Cyrenaeas
640 1830 767 1862 urna
791 1814 1043 1863 ministret
1067 1829 1247 1877 aquas.

102 1912 129 1950 5
176 1911 377 1950 costum
400 1902 557 1949 molle
584 1903 698 1949 date
723 1911 772 1950 et
798 1902 972 1949 blandi
999 1902 1119 1949 mihi
1146 1902 1273 1949 turis
1302 1903 1542 1961 honoreS,

241 1999 424 2052 terque
447 1990 621 2037 focum
646 1990 782 2038 circa
806 1991 987 2038 laneus
1017 1989 1155 2037 orbis
1186 1997 1284 2037 eat.

169 2079 397 2141 spargite
421 2092 502 2126 me
528 2078 764 2140 lymphis,
799 2091 1107 2140 carmenque
1134 2078 1423 2126 recentibus
1458 2077 1560 2126 aris

241 2168 369 2215 tibia
392 2166 687 2227 Mygdoniis
713 2166 838 2213 libet
862 2167 1058 2213 eburna
1085 2164 1240 2213 cadiS.

163 2255 236 2303 ite
262 2254 445 2317 procul
471 2253 693 2312 fraudeS‚
724 2253 828 2300 alio
854 2253 962 2300 sint
987 2266 1105 2300 aere
1133 2266 1329 2300 noxae:

63 2352 123 2392 10
240 2356 372 2405 pura
398 2356 585 2389 novum
610 2341 712 2388 vati
739 2342 915 2389 laurea
938 2340 1111 2388 mollit
1135 2340 1247 2387 iter.

164 2445 334 2488 musa,
366 2429 587 2477 Palatini
615 2429 890 2477 referemus
916 2427 1177 2491 Apollinis
1206 2427 1411 2475 aedem:

239 2531 320 2566 res
349 2524 441 2576 est,
475 2517 727 2580 Calliope,
760 2518 917 2580 digna
943 2517 1120 2564 favore
1145 2523 1254 2565 tuo·

165 2606 409 2655 Caesaris
434 2605 489 2653 in
515 2620 703 2654 nomen
729 2606 988 2654 ducuntur
1014 2603 1268 2653 carmina:
1313 2601 1504 2651 Caesar

166 2709 343 2752 Propert.
393 2707 451 2742 ed.
472 2708 516 2743 ΙΙ.
1281 2715 1341 2756 23
