1942 3000
249 144 320 194 93
867 147 1123 187 carum

862 409 1131 459 LXXXV.

253 568 351 618 Odi
379 577 428 617 et
453 583 588 617 amo.
666 582 827 631 quare
850 569 903 617 id
928 569 1131 628 faciam,
1164 568 1383 617 fortasse
1408 570 1643 632 requiris.

322 657 513 716 nesci0‚
547 656 635 704 sed
662 656 769 704 fieri
795 656 959 705 sentio
990 664 1037 705 et
1063 657 1347 705 excrucior.

851 1028 1141 1077 LXXXVI.

243 1186 457 1247 Quintia
481 1187 707 1235 formosa
735 1195 811 1235 est
836 1188 1030 1246 multiS‚
1063 1188 1184 1236 mihi
1217 1188 1456 1247 candida,
1483 1189 1658 1250 longa,

312 1284 452 1324 recta
478 1284 570 1325 est.
648 1277 776 1325 haee
802 1291 897 1339 ego
926 1277 1000 1325 sic
1028 1278 1235 1340 singula
1261 1279 1528 1338 confiteor,

240 1372 403 1414 totum
428 1365 556 1413 illud
581 1365 812 1414 formosa
838 1380 971 1430 nego
992 1385 1003 1415 :
1047 1382 1175 1415 nam·
1194 1368 1338 1415 nulla
1364 1374 1620 1425 venustae,

309 1454 455 1503 nulla
478 1454 534 1504 in
561 1461 666 1502 tam
689 1469 879 1518 magno
908 1463 983 1504 est
1009 1470 1227 1519 corpore
1251 1456 1385 1505 mica
1410 1455 1552 1505 salis·

171 1552 196 1590 5
239 1542 428 1592 Lesbia
451 1544 682 1592 formosa
708 1552 801 1604 est,
835 1559 969 1607 quae
996 1560 1113 1593 cum
1139 1545 1478 1607 pulcherrima
1505 1552 1680 1604 totast‚

309 1641 417 1680 tum
444 1632 683 1680 omnibus
710 1647 814 1680 una
841 1647 1018 1681 omnes
1046 1633 1291 1695 surripuit
1315 1633 1561 1681 Veneres,

826 2001 1143 2050 LXXXVII.

234 2161 389 2209 Nulla
414 2169 582 2224 potest
605 2161 789 2210 mulier
810 2169 1011 2211 tantum
1036 2175 1092 2210 se
1116 2161 1286 2210 dicere
1312 2170 1532 2212 amatam

307 2264 440 2309 vere,
473 2257 726 2312 quantum
751 2265 782 2298 a
805 2265 888 2299 me
912 2250 1104 2300 Lesbia
1130 2259 1299 2299 amata
1324 2252 1498 2300 mea’S.

234 2339 381 2389 nulla
408 2339 530 2387 fides
556 2339 704 2387 nullo
731 2339 830 2388 fuit
855 2354 1101 2402 umquam
1125 2334 1333 2388 foedere
1357 2347 1519 2399 tanta,

306 2435 501 2491 quanta
527 2428 582 2476 in
609 2443 783 2477 amore
807 2436 897 2477 tuo
926 2443 992 2478 ex
1017 2438 1162 2491 parte
1187 2436 1389 2492 reperta
1413 2436 1593 2477 meast.

233 2531 372 2566 nune
398 2524 476 2565 est
498 2530 642 2565 mens
668 2516 875 2567 diducta
897 2524 1005 2576 tua,
1036 2531 1151 2566 mea
1175 2517 1382 2578 Lesbia,
1415 2518 1587 2579 eulpa,
1701 2531 1838 2566 Lxxv

304 2616 458 2668 atque
482 2605 557 2653 ita
584 2619 638 2653 se
664 2606 836 2655 officio
865 2606 1084 2670 perdidit
1108 2606 1221 2669 ipsa
1246 2621 1359 2666 su0,
