1942 3000
796 171 993 209 unna.
1535 168 1634 218 111

796 326 984 377 CXIII.

147 484 375 535 Consule
399 485 645 549 Pompeio
673 486 893 549 primum
918 487 1039 546 due,
1073 486 1259 546 Cinna,
1293 488 1533 538 solebant

216 574 531 624 Maeciliamz
575 575 711 623 facto
738 576 952 624 consule
978 591 1118 623 nuuc
1144 576 1330 624 iterum

143 672 440 712 manserunt
466 664 586 722 due,
621 664 708 712 sed
737 672 1002 712 creverunt
1025 664 1168 712 milia
1194 665 1248 712 iu
1278 680 1436 713 unum

217 752 438 814 singula.
517 752 797 801 fecundum
819 767 994 800 semen
1024 752 1298 801 adulterio.
1319 743 1342 756 “

783 1123 994 1176 CXIIII.

138 1284 411 1332 Firmanus
439 1284 574 1332 saltu
600 1299 706 1331 non
732 1282 865 1331 falso
892 1284 1128 1332 Mentula
1154 1284 1291 1332 dives

209 1374 391 1433 fertur,
425 1373 512 1435 qui
537 1379 614 1420 tot
639 1388 720 1421 res
744 1373 798 1419 in
827 1387 882 1420 se
909 1374 1064 1421 habet
1088 1373 1338 1436 egregiae,

137 1462 435 1526 aucupium,
469 1477 619 1512 omne
643 1477 806 1526 genus
832 1463 1007 1526 piscis,
1038 1470 1202 1526 prata,
1230 1477 1352 1510 arva
1374 1461 1631 1525 ferasque.

214 1552 556 1614 nequiquam:
601 1552 796 1599 fructus
824 1553 1111 1614 sumptibus
1140 1560 1404 1614 exuperat.

69 1649 93 1688 5
136 1654 301 1703 quare
327 1640 554 1687 concedo
585 1640 651 1688 sit
676 1640 832 1700 dives,
868 1640 988 1687 dum
1019 1640 1193 1687 omnia
1218 1639 1403 1687 desint.

210 1728 400 1775 saltum
426 1728 711 1788 laudemus,
744 1729 865 1777 dum
891 1729 1043 1777 domo
1070 1729 1180 1791 ipse
1207 1736 1371 1791 egeat.

802 2117 961 2166 CXV,

84 2292 87 2295 ·
130 2276 386 2336 Mentula,
420 2277 576 2325 habes
603 2277 767 2325 instar
793 2278 1001 2340 triginta
1024 2279 1204 2340 iugera
1229 2278 1380 2341 prati,

208 2365 550 2429 quadraginta
575 2366 708 2413 arvi:
756 2374 923 2414 cetera
950 2374 1072 2414 suut
1095 2365 1275 2413 maria.

132 2469 230 2502 eur
256 2468 361 2501 non
388 2454 573 2503 divitiis
602 2454 851 2503 Croesum
877 2468 1120 2517 superare
1147 2453 1281 2516 potis
1310 2453 1391 2512 sit,

206 2557 315 2591 uno
343 2544 431 2606 qui
457 2543 512 2591 in
537 2545 671 2592 saltu
696 2550 773 2591 tot
799 2544 935 2591 bona
961 2542 1239 2606 possideat,

59 2642 84 2680 5
131 2640 302 2695 prata,
334 2647 470 2690 arva,
503 2632 740 2694 ingentes
767 2632 917 2680 silvas
948 2634 1214 2693 saltusque
1240 2630 1559 2693 paludesque
