<?xml version="1.0" encoding="UTF-8"?>
<!DOCTYPE html PUBLIC "-//W3C//DTD XHTML 1.0 Transitional//EN"
    "http://www.w3.org/TR/xhtml1/DTD/xhtml1-transitional.dtd">
<html xmlns="http://www.w3.org/1999/xhtml" xml:lang="en" lang="en">
 <head>
  <title>
</title>
<meta http-equiv="Content-Type" content="text/html;charset=utf-8" />
  <meta name='ocr-system' content='tesseract 3.04.00' />
  <meta name='ocr-capabilities' content='ocr_page ocr_carea ocr_par ocr_line ocrx_word'/>
</head>
<body>
  <div class='ocr_page' id='page_1' title='image "./catullitibullip02vahlgoog_0327.png"; bbox 0 0 1942 3000; ppageno 0'>
   <div class='ocr_carea' id='block_1_1' title="bbox 799 167 1714 217">
    <p class='ocr_par' dir='ltr' id='par_1_1' title="bbox 799 167 1714 217">
     <span class='ocr_line' id='line_1_1' title="bbox 799 167 1714 217; baseline -0.001 -9"><span class='ocrx_word' id='word_1_1' title='bbox 799 169 976 208; x_wconf 77' lang='lat' dir='ltr'>LIBER</span> <span class='ocrx_word' id='word_1_2' title='bbox 1007 170 1116 208; x_wconf 85' lang='lat'>1111.</span> <span class='ocrx_word' id='word_1_3' title='bbox 1608 167 1714 217; x_wconf 78' lang='lat'>315</span> 
     </span>
    </p>
   </div>
   <div class='ocr_carea' id='block_1_2' title="bbox 213 327 1528 478">
    <p class='ocr_par' dir='ltr' id='par_1_2' title="bbox 213 327 1528 478">
     <span class='ocr_line' id='line_1_2' title="bbox 213 327 1528 391; baseline -0.001 -16"><span class='ocrx_word' id='word_1_4' title='bbox 213 342 309 376; x_wconf 89' lang='lat' dir='ltr'>nec</span> <span class='ocrx_word' id='word_1_5' title='bbox 335 327 543 384; x_wconf 84' lang='lat' dir='ltr'>frustra,</span> <span class='ocrx_word' id='word_1_6' title='bbox 580 328 700 390; x_wconf 85' lang='lat' dir='ltr'>quia</span> <span class='ocrx_word' id='word_1_7' title='bbox 729 334 871 376; x_wconf 84' lang='lat' dir='ltr'>cast-a</span> <span class='ocrx_word' id='word_1_8' title='bbox 898 328 1035 375; x_wconf 89' lang='lat' dir='ltr'>domi</span> <span class='ocrx_word' id='word_1_9' title='bbox 1061 328 1355 391; x_wconf 77' lang='lat' dir='ltr'>persederat</span> <span class='ocrx_word' id='word_1_10' title='bbox 1381 342 1528 375; x_wconf 78' lang='lat' dir='ltr'>uxor.</span> 
     </span>
     <span class='ocr_line' id='line_1_3' title="bbox 283 414 1306 478; baseline 0.002 -16"><span class='ocrx_word' id='word_1_11' title='bbox 283 415 442 464; x_wconf 87' lang='lat' dir='ltr'>vincit</span> <span class='ocrx_word' id='word_1_12' title='bbox 466 414 752 478; x_wconf 84' lang='lat' dir='ltr'>Penelopes</span> <span class='ocrx_word' id='word_1_13' title='bbox 777 416 930 463; x_wconf 85' lang='lat' dir='ltr'>Aelia</span> <span class='ocrx_word' id='word_1_14' title='bbox 958 416 1112 464; x_wconf 83' lang='lat' dir='ltr'>Galla</span> <span class='ocrx_word' id='word_1_15' title='bbox 1138 417 1306 464; x_wconf 86' lang='lat' dir='ltr'>fidem.</span> 
     </span>
    </p>
   </div>
   <div class='ocr_carea' id='block_1_3' title="bbox 798 599 1119 611">
    <p class='ocr_par' dir='ltr' id='par_1_3' title="bbox 798 599 1119 611">
     <span class='ocr_line' id='line_1_4' title="bbox 798 599 1119 611; baseline 0 2389"><span class='ocrx_word' id='word_1_16' title='bbox 798 599 1119 611; x_wconf 95' lang='lat' dir='ltr'> </span> 
     </span>
    </p>
   </div>
   <div class='ocr_carea' id='block_1_4' title="bbox 883 783 1029 835">
    <p class='ocr_par' dir='ltr' id='par_1_4' title="bbox 883 783 1029 835">
     <span class='ocr_line' id='line_1_5' title="bbox 883 783 1029 835; baseline -0.014 1"><span class='ocrx_word' id='word_1_17' title='bbox 883 783 1029 835; x_wconf 87' lang='lat' dir='ltr'>XIII.</span> 
     </span>
    </p>
   </div>
   <div class='ocr_carea' id='block_1_5' title="bbox 29 943 1609 2691">
    <p class='ocr_par' dir='ltr' id='par_1_5' title="bbox 29 943 1609 2691">
     <span class='ocr_line' id='line_1_6' title="bbox 212 943 1508 1009; baseline -0.002 -16"><span class='ocrx_word' id='word_1_18' title='bbox 212 943 469 1005; x_wconf 84' lang='lat' dir='ltr'><strong>Quaeritis</strong></span> <span class='ocrx_word' id='word_1_19' title='bbox 499 946 633 994; x_wconf 85' lang='lat' dir='ltr'>unde</span> <span class='ocrx_word' id='word_1_20' title='bbox 658 946 817 994; x_wconf 83' lang='lat' dir='ltr'>avidis</span> <span class='ocrx_word' id='word_1_21' title='bbox 847 961 956 994; x_wconf 83' lang='lat' dir='ltr'>nox</span> <span class='ocrx_word' id='word_1_22' title='bbox 983 945 1048 995; x_wconf 86' lang='lat' dir='ltr'>sit</span> <span class='ocrx_word' id='word_1_23' title='bbox 1071 946 1299 1009; x_wconf 83' lang='lat' dir='ltr'>pretiosa</span> <span class='ocrx_word' id='word_1_24' title='bbox 1324 944 1508 1008; x_wconf 83' lang='lat' dir='ltr'>puellis</span> 
     </span>
     <span class='ocr_line' id='line_1_7' title="bbox 283 1035 1554 1098; baseline -0.001 -16"><span class='ocrx_word' id='word_1_25' title='bbox 283 1041 333 1082; x_wconf 87' lang='lat' dir='ltr'>et</span> <span class='ocrx_word' id='word_1_26' title='bbox 358 1035 559 1083; x_wconf 85' lang='lat' dir='ltr'>Venere</span> <span class='ocrx_word' id='word_1_27' title='bbox 585 1036 867 1084; x_wconf 76' lang='lat' dir='ltr'>exhaustae</span> <span class='ocrx_word' id='word_1_28' title='bbox 893 1036 1082 1083; x_wconf 87' lang='lat' dir='ltr'>damna</span> <span class='ocrx_word' id='word_1_29' title='bbox 1106 1043 1388 1098; x_wconf 78' lang='lat' dir='ltr'>querantur</span> <span class='ocrx_word' id='word_1_30' title='bbox 1412 1048 1554 1096; x_wconf 84' lang='lat' dir='ltr'>opes.</span> 
     </span>
     <span class='ocr_line' id='line_1_8' title="bbox 212 1122 1544 1184; baseline -0.002 -14"><span class='ocrx_word' id='word_1_31' title='bbox 212 1134 353 1170; x_wconf 85' lang='lat' dir='ltr'>certa</span> <span class='ocrx_word' id='word_1_32' title='bbox 380 1123 585 1184; x_wconf 84' lang='lat' dir='ltr'>quidem</span> <span class='ocrx_word' id='word_1_33' title='bbox 612 1124 770 1170; x_wconf 82' lang='lat' dir='ltr'>tantis</span> <span class='ocrx_word' id='word_1_34' title='bbox 798 1138 954 1171; x_wconf 79' lang='lat' dir='ltr'>causa·</span> <span class='ocrx_word' id='word_1_35' title='bbox 981 1130 1032 1171; x_wconf 86' lang='lat' dir='ltr'>et</span> <span class='ocrx_word' id='word_1_36' title='bbox 1055 1122 1329 1171; x_wconf 84' lang='lat' dir='ltr'>manifesta</span> <span class='ocrx_word' id='word_1_37' title='bbox 1354 1122 1544 1170; x_wconf 77' lang='lat' dir='ltr'>ruinis:</span> 
     </span>
     <span class='ocr_line' id='line_1_9' title="bbox 233 1211 1293 1262; baseline 0.002 -5"><span class='ocrx_word' id='word_1_38' title='bbox 233 1248 251 1262; x_wconf 82' lang='grc'><strong>.</strong></span> <span class='ocrx_word' id='word_1_39' title='bbox 285 1211 521 1259; x_wconf 80' lang='lat' dir='ltr'>luxuriae</span> <span class='ocrx_word' id='word_1_40' title='bbox 548 1212 765 1259; x_wconf 84' lang='lat' dir='ltr'>nimium</span> <span class='ocrx_word' id='word_1_41' title='bbox 791 1213 954 1260; x_wconf 82' lang='lat' dir='ltr'>libera</span> <span class='ocrx_word' id='word_1_42' title='bbox 983 1211 1120 1259; x_wconf 80' lang='lat' dir='ltr'>facta</span> <span class='ocrx_word' id='word_1_43' title='bbox 1145 1212 1293 1259; x_wconf 71' lang='lat' dir='ltr'>viaet.</span> 
     </span>
     <span class='ocr_line' id='line_1_10' title="bbox 142 1298 1397 1357; baseline -0.001 -10"><span class='ocrx_word' id='word_1_44' title='bbox 142 1309 168 1347; x_wconf 86' lang='lat'>5</span> <span class='ocrx_word' id='word_1_45' title='bbox 207 1298 342 1354; x_wconf 80' lang='lat' dir='ltr'>Inda</span> <span class='ocrx_word' id='word_1_46' title='bbox 369 1299 503 1345; x_wconf 86' lang='lat' dir='ltr'>cavis</span> <span class='ocrx_word' id='word_1_47' title='bbox 531 1314 712 1347; x_wconf 87' lang='lat' dir='ltr'>aurum</span> <span class='ocrx_word' id='word_1_48' title='bbox 738 1300 891 1348; x_wconf 87' lang='lat' dir='ltr'>mitt-it</span> <span class='ocrx_word' id='word_1_49' title='bbox 914 1299 1132 1347; x_wconf 79' lang='lat' dir='ltr'>formica</span> <span class='ocrx_word' id='word_1_50' title='bbox 1158 1299 1397 1357; x_wconf 83' lang='lat' dir='ltr'>metallis,</span> 
     </span>
     <span class='ocr_line' id='line_1_11' title="bbox 286 1387 1365 1450; baseline 0.001 -16"><span class='ocrx_word' id='word_1_51' title='bbox 286 1394 335 1434; x_wconf 86' lang='lat' dir='ltr'>et</span> <span class='ocrx_word' id='word_1_52' title='bbox 362 1387 499 1435; x_wconf 87' lang='lat' dir='ltr'>venit</span> <span class='ocrx_word' id='word_1_53' title='bbox 525 1402 552 1435; x_wconf 92' lang='lat' dir='ltr'>e</span> <span class='ocrx_word' id='word_1_54' title='bbox 577 1390 732 1436; x_wconf 87' lang='lat' dir='ltr'>rubro</span> <span class='ocrx_word' id='word_1_55' title='bbox 761 1389 959 1436; x_wconf 84' lang='lat' dir='ltr'>concha</span> <span class='ocrx_word' id='word_1_56' title='bbox 985 1388 1208 1450; x_wconf 81' lang='lat' dir='ltr'>Erycina</span> <span class='ocrx_word' id='word_1_57' title='bbox 1234 1389 1365 1446; x_wconf 78' lang='lat' dir='ltr'>salu,</span> 
     </span>
     <span class='ocr_line' id='line_1_12' title="bbox 212 1475 1436 1540; baseline -0.001 -15"><span class='ocrx_word' id='word_1_58' title='bbox 212 1483 264 1525; x_wconf 91' lang='lat' dir='ltr'>et</span> <span class='ocrx_word' id='word_1_59' title='bbox 287 1475 452 1537; x_wconf 85' lang='lat' dir='ltr'>Tyros</span> <span class='ocrx_word' id='word_1_60' title='bbox 480 1476 704 1524; x_wconf 86' lang='lat' dir='ltr'>ostrinos</span> <span class='ocrx_word' id='word_1_61' title='bbox 729 1478 941 1540; x_wconf 85' lang='lat' dir='ltr'>praebet</span> <span class='ocrx_word' id='word_1_62' title='bbox 966 1475 1192 1526; x_wconf 83' lang='lat' dir='ltr'>Cadmea</span> <span class='ocrx_word' id='word_1_63' title='bbox 1218 1477 1436 1534; x_wconf 50' lang='lat' dir='ltr'>colore&amp;</span> 
     </span>
     <span class='ocr_line' id='line_1_13' title="bbox 281 1565 1430 1628; baseline -0.001 -14"><span class='ocrx_word' id='word_1_64' title='bbox 281 1566 559 1614; x_wconf 87' lang='lat' dir='ltr'>cinnamon</span> <span class='ocrx_word' id='word_1_65' title='bbox 591 1572 641 1614; x_wconf 86' lang='lat' dir='ltr'>et</span> <span class='ocrx_word' id='word_1_66' title='bbox 664 1567 808 1614; x_wconf 86' lang='lat' dir='ltr'>multi</span> <span class='ocrx_word' id='word_1_67' title='bbox 838 1574 1018 1628; x_wconf 87' lang='lat' dir='ltr'>pastor</span> <span class='ocrx_word' id='word_1_68' title='bbox 1045 1565 1216 1614; x_wconf 83' lang='lat' dir='ltr'>odoris</span> <span class='ocrx_word' id='word_1_69' title='bbox 1242 1567 1430 1614; x_wconf 82' lang='lat' dir='ltr'>Arabs.</span> 
     </span>
     <span class='ocr_line' id='line_1_14' title="bbox 206 1652 1609 1716; baseline -0.004 -13"><span class='ocrx_word' id='word_1_70' title='bbox 206 1655 337 1703; x_wconf 87' lang='lat' dir='ltr'>haec</span> <span class='ocrx_word' id='word_1_71' title='bbox 365 1653 518 1701; x_wconf 85' lang='lat' dir='ltr'>etiam</span> <span class='ocrx_word' id='word_1_72' title='bbox 544 1654 747 1702; x_wconf 82' lang='lat' dir='ltr'>clausas</span> <span class='ocrx_word' id='word_1_73' title='bbox 775 1660 1177 1716; x_wconf 84' lang='lat' dir='ltr'>expugnantque</span> <span class='ocrx_word' id='word_1_74' title='bbox 1208 1668 1348 1700; x_wconf 84' lang='lat' dir='ltr'>arma</span> <span class='ocrx_word' id='word_1_75' title='bbox 1372 1652 1609 1715; x_wconf 59' lang='lat' dir='ltr'>pudicam,</span> 
     </span>
     <span class='ocr_line' id='line_1_15' title="bbox 106 1742 1366 1805; baseline -0.002 -13"><span class='ocrx_word' id='word_1_76' title='bbox 106 1752 165 1792; x_wconf 84' lang='grc' dir='ltr'>ιο</span> <span class='ocrx_word' id='word_1_77' title='bbox 281 1756 518 1805; x_wconf 84' lang='lat' dir='ltr'>quaeque</span> <span class='ocrx_word' id='word_1_78' title='bbox 543 1742 731 1790; x_wconf 83' lang='lat' dir='ltr'>iterant</span> <span class='ocrx_word' id='word_1_79' title='bbox 756 1743 936 1802; x_wconf 77' lang='lat' dir='ltr'>fastuS,</span> <span class='ocrx_word' id='word_1_80' title='bbox 970 1742 1198 1801; x_wconf 87' lang='lat' dir='ltr'>Icarioti‚</span> <span class='ocrx_word' id='word_1_81' title='bbox 1231 1749 1366 1790; x_wconf 80' lang='lat' dir='ltr'>tuos.</span> 
     </span>
     <span class='ocr_line' id='line_1_16' title="bbox 29 1814 1374 1893; baseline -0.001 -13"><span class='ocrx_word' id='word_1_82' title='bbox 29 1814 32 1817; x_wconf 17' lang='lat' dir='ltr'><em>A</em></span> <span class='ocrx_word' id='word_1_83' title='bbox 207 1840 443 1880; x_wconf 84' lang='lat' dir='ltr'>matrona</span> <span class='ocrx_word' id='word_1_84' title='bbox 465 1831 658 1879; x_wconf 84' lang='lat' dir='ltr'>incedit</span> <span class='ocrx_word' id='word_1_85' title='bbox 684 1846 869 1881; x_wconf 85' lang='lat' dir='ltr'>census</span> <span class='ocrx_word' id='word_1_86' title='bbox 895 1832 1077 1878; x_wconf 84' lang='lat' dir='ltr'>induta</span> <span class='ocrx_word' id='word_1_87' title='bbox 1110 1838 1374 1893; x_wconf 86' lang='lat' dir='ltr'>nepotum,</span> 
     </span>
     <span class='ocr_line' id='line_1_17' title="bbox 280 1920 1446 1983; baseline -0.002 -15"><span class='ocrx_word' id='word_1_88' title='bbox 280 1928 331 1968; x_wconf 87' lang='lat' dir='ltr'>et</span> <span class='ocrx_word' id='word_1_89' title='bbox 356 1920 525 1983; x_wconf 85' lang='lat' dir='ltr'>spolia</span> <span class='ocrx_word' id='word_1_90' title='bbox 552 1920 810 1982; x_wconf 88' lang='lat' dir='ltr'>opprobrii</span> <span class='ocrx_word' id='word_1_91' title='bbox 839 1928 1018 1969; x_wconf 84' lang='lat' dir='ltr'>nostra</span> <span class='ocrx_word' id='word_1_92' title='bbox 1044 1935 1135 1982; x_wconf 86' lang='lat' dir='ltr'>per</span> <span class='ocrx_word' id='word_1_93' title='bbox 1161 1934 1251 1968; x_wconf 86' lang='lat' dir='ltr'>ora</span> <span class='ocrx_word' id='word_1_94' title='bbox 1277 1920 1446 1968; x_wconf 85' lang='lat' dir='ltr'>trahit.</span> 
     </span>
     <span class='ocr_line' id='line_1_18' title="bbox 207 2008 1548 2070; baseline -0.001 -13"><span class='ocrx_word' id='word_1_95' title='bbox 207 2009 353 2057; x_wconf 87' lang='lat' dir='ltr'>nulla</span> <span class='ocrx_word' id='word_1_96' title='bbox 382 2014 458 2056; x_wconf 86' lang='lat' dir='ltr'>est</span> <span class='ocrx_word' id='word_1_97' title='bbox 483 2009 748 2070; x_wconf 82' lang='lat' dir='ltr'>poscendi,</span> <span class='ocrx_word' id='word_1_98' title='bbox 783 2010 928 2057; x_wconf 87' lang='lat' dir='ltr'>nulla</span> <span class='ocrx_word' id='word_1_99' title='bbox 954 2015 1033 2056; x_wconf 87' lang='lat' dir='ltr'>est</span> <span class='ocrx_word' id='word_1_100' title='bbox 1056 2009 1340 2056; x_wconf 82' lang='lat' dir='ltr'>reverentia</span> <span class='ocrx_word' id='word_1_101' title='bbox 1366 2008 1548 2056; x_wconf 74' lang='lat' dir='ltr'>dandix</span> 
     </span>
     <span class='ocr_line' id='line_1_19' title="bbox 278 2097 1418 2160; baseline 0.001 -16"><span class='ocrx_word' id='word_1_102' title='bbox 278 2103 370 2144; x_wconf 83' lang='lat' dir='ltr'>aut</span> <span class='ocrx_word' id='word_1_103' title='bbox 394 2097 542 2158; x_wconf 86' lang='lat' dir='ltr'>siqua</span> <span class='ocrx_word' id='word_1_104' title='bbox 568 2102 659 2155; x_wconf 87' lang='lat' dir='ltr'>est,</span> <span class='ocrx_word' id='word_1_105' title='bbox 691 2097 862 2160; x_wconf 86' lang='lat' dir='ltr'>pretio</span> <span class='ocrx_word' id='word_1_106' title='bbox 887 2097 1087 2145; x_wconf 86' lang='lat' dir='ltr'>tollitur</span> <span class='ocrx_word' id='word_1_107' title='bbox 1115 2097 1231 2160; x_wconf 88' lang='lat' dir='ltr'>ipsa</span> <span class='ocrx_word' id='word_1_108' title='bbox 1257 2111 1418 2145; x_wconf 87' lang='lat' dir='ltr'>mora.</span> 
     </span>
     <span class='ocr_line' id='line_1_20' title="bbox 103 2182 1172 2244; baseline 0 -11"><span class='ocrx_word' id='word_1_109' title='bbox 103 2194 167 2233; x_wconf 83' lang='lat'>15</span> <span class='ocrx_word' id='word_1_110' title='bbox 208 2182 337 2233; x_wconf 85' lang='lat' dir='ltr'>felix</span> <span class='ocrx_word' id='word_1_111' title='bbox 363 2184 467 2233; x_wconf 86' lang='lat' dir='ltr'>eois</span> <span class='ocrx_word' id='word_1_112' title='bbox 495 2185 581 2232; x_wconf 83' lang='lat' dir='ltr'>lex</span> <span class='ocrx_word' id='word_1_113' title='bbox 605 2185 801 2234; x_wconf 83' lang='lat' dir='ltr'>funeris</span> <span class='ocrx_word' id='word_1_114' title='bbox 829 2200 933 2233; x_wconf 86' lang='lat' dir='ltr'>una</span> <span class='ocrx_word' id='word_1_115' title='bbox 958 2186 1172 2244; x_wconf 83' lang='lat' dir='ltr'>maritiS,</span> 
     </span>
     <span class='ocr_line' id='line_1_21' title="bbox 281 2272 1375 2337; baseline 0.004 -18"><span class='ocrx_word' id='word_1_116' title='bbox 281 2286 414 2335; x_wconf 90' lang='lat' dir='ltr'>quos</span> <span class='ocrx_word' id='word_1_117' title='bbox 439 2272 645 2321; x_wconf 84' lang='lat' dir='ltr'>Aurora</span> <span class='ocrx_word' id='word_1_118' title='bbox 672 2274 776 2321; x_wconf 81' lang='lat' dir='ltr'>suis</span> <span class='ocrx_word' id='word_1_119' title='bbox 805 2275 959 2322; x_wconf 83' lang='lat' dir='ltr'>rubra</span> <span class='ocrx_word' id='word_1_120' title='bbox 985 2275 1187 2323; x_wconf 82' lang='lat' dir='ltr'>colorat</span> <span class='ocrx_word' id='word_1_121' title='bbox 1211 2275 1375 2337; x_wconf 88' lang='lat' dir='ltr'>equis.</span> 
     </span>
     <span class='ocr_line' id='line_1_22' title="bbox 211 2361 1607 2423; baseline 0.003 -15"><span class='ocrx_word' id='word_1_122' title='bbox 211 2374 438 2423; x_wconf 86' lang='lat' dir='ltr'>namque</span> <span class='ocrx_word' id='word_1_123' title='bbox 464 2361 552 2409; x_wconf 90' lang='lat' dir='ltr'>ubi</span> <span class='ocrx_word' id='word_1_124' title='bbox 578 2362 845 2410; x_wconf 86' lang='lat' dir='ltr'>mortifero</span> <span class='ocrx_word' id='word_1_125' title='bbox 870 2363 1006 2411; x_wconf 81' lang='lat' dir='ltr'>iacta</span> <span class='ocrx_word' id='word_1_126' title='bbox 1032 2371 1108 2411; x_wconf 87' lang='lat' dir='ltr'>est</span> <span class='ocrx_word' id='word_1_127' title='bbox 1133 2364 1221 2411; x_wconf 84' lang='lat' dir='ltr'>fax</span> <span class='ocrx_word' id='word_1_128' title='bbox 1245 2364 1427 2411; x_wconf 85' lang='lat' dir='ltr'>ultima</span> <span class='ocrx_word' id='word_1_129' title='bbox 1453 2365 1607 2422; x_wconf 90' lang='lat' dir='ltr'>lect0,</span> 
     </span>
     <span class='ocr_line' id='line_1_23' title="bbox 282 2449 1276 2513; baseline 0.005 -18"><span class='ocrx_word' id='word_1_130' title='bbox 282 2463 503 2497; x_wconf 84' lang='lat' dir='ltr'>uxorum</span> <span class='ocrx_word' id='word_1_131' title='bbox 530 2449 657 2498; x_wconf 86' lang='lat' dir='ltr'>fusis</span> <span class='ocrx_word' id='word_1_132' title='bbox 684 2458 785 2498; x_wconf 85' lang='lat' dir='ltr'>stat</span> <span class='ocrx_word' id='word_1_133' title='bbox 807 2451 894 2513; x_wconf 51' lang='lat' dir='ltr'>¹pia</span> <span class='ocrx_word' id='word_1_134' title='bbox 920 2453 1072 2500; x_wconf 83' lang='lat' dir='ltr'>turba</span> <span class='ocrx_word' id='word_1_135' title='bbox 1099 2453 1276 2511; x_wconf 86' lang='lat' dir='ltr'>comis,</span> 
     </span>
     <span class='ocr_line' id='line_1_24' title="bbox 211 2539 1467 2604; baseline 0.003 -20"><span class='ocrx_word' id='word_1_136' title='bbox 211 2544 263 2584; x_wconf 85' lang='lat' dir='ltr'>et</span> <span class='ocrx_word' id='word_1_137' title='bbox 289 2543 545 2585; x_wconf 83' lang='lat' dir='ltr'>certamen</span> <span class='ocrx_word' id='word_1_138' title='bbox 571 2539 762 2586; x_wconf 86' lang='lat' dir='ltr'>habent</span> <span class='ocrx_word' id='word_1_139' title='bbox 787 2540 893 2599; x_wconf 86' lang='lat' dir='ltr'>leti,</span> <span class='ocrx_word' id='word_1_140' title='bbox 926 2554 1060 2602; x_wconf 84' lang='lat' dir='ltr'>quac</span> <span class='ocrx_word' id='word_1_141' title='bbox 1084 2541 1196 2588; x_wconf 69' lang='lat' dir='ltr'>viva</span> <span class='ocrx_word' id='word_1_142' title='bbox 1221 2548 1467 2604; x_wconf 80' lang='lat' dir='ltr'>sequatur</span> 
     </span>
     <span class='ocr_line' id='line_1_25' title="bbox 104 2624 1467 2691; baseline 0.003 -17"><span class='ocrx_word' id='word_1_143' title='bbox 104 2634 168 2676; x_wconf 80' lang='lat'>20</span> <span class='ocrx_word' id='word_1_144' title='bbox 285 2624 611 2688; x_wconf 85' lang='lat' dir='ltr'>coniugium:</span> <span class='ocrx_word' id='word_1_145' title='bbox 655 2628 823 2691; x_wconf 89' lang='lat' dir='ltr'>pudor</span> <span class='ocrx_word' id='word_1_146' title='bbox 848 2638 926 2678; x_wconf 85' lang='lat' dir='ltr'>est</span> <span class='ocrx_word' id='word_1_147' title='bbox 950 2644 1059 2678; x_wconf 89' lang='lat' dir='ltr'>non</span> <span class='ocrx_word' id='word_1_148' title='bbox 1086 2630 1294 2678; x_wconf 86' lang='lat' dir='ltr'>licuisse</span> <span class='ocrx_word' id='word_1_149' title='bbox 1319 2630 1467 2678; x_wconf 88' lang='lat' dir='ltr'>mori.</span> 
     </span>
    </p>
   </div>
  </div>
 </body>
</html>
