1942 3000
263 135 371 188 224
849 136 1174 176 Pnormae‘rn

262 295 330 343 ah
354 302 547 358 pereat,
581 294 892 358 quicumque
916 301 1054 342 rates
1080 300 1132 341 et
1157 292 1269 340 vela
1293 293 1491 354 paravit

334 383 527 448 primus
555 391 604 431 et
626 383 784 431 invito
810 382 1014 445 gurgite
1039 381 1162 430 feeit
1184 381 1297 428 iter.

165 480 221 520 15
262 487 440 521 nonne
467 472 565 520 fuit
590 472 748 521 levius
776 469 1017 520 dominae
1043 469 1336 532 pervincere
1361 483 1528 518 mores

334 560 588 625 (quamvis
614 560 757 619 dura,
790 566 961 607 tamen
988 573 1104 606 rara
1129 558 1301 620 puella
1329 556 1469 618 fuit),

263 664 419 712 quam
445 649 519 698 sio
544 649 735 711 ignotis
764 647 1064 696 circundata
1088 646 1239 694 litora
1262 646 1402 694 silvis

335 751 540 786 cernere
566 745 618 786 et
642 743 845 800 optatos
871 748 1118 798 quaerere
1141 734 1496 795 Tyndaridas?

261 826 371 874 illic
398 826 547 888 siqua
571 838 742 873 meum
767 824 1073 887 sepelissent
1095 822 1202 870 fata
1228 822 1476 883 dolorem,

159 922 221 963 20
334 915 540 963 ultimus
567 920 618 962 et
643 913 812 976 posito
838 918 999 961 staret
1021 911 1370 974 amore-lapis,
1600 935 1655 950 --

260 1004 353 1051 illa
379 1017 495 1051 meo
521 1017 667 1051 caros
695 1001 938 1049 donasset
962 1001 1147 1048 funere
1177 999 1359 1057 crines»,

331 1090 556 1138 molliter
581 1098 630 1139 et
654 1097 829 1138 tenera
853 1095 1071 1152 poneret
1096 1103 1214 1136 ossa
1240 1103 1382 1136 rosa:

264 1180 355 1228 illa
379 1193 549 1227 meum
576 1186 803 1228 extremo
832 1178 1104 1226 clamasset
1127 1177 1336 1240 pulvere
1366 1189 1572 1235 nomen,

336 1277 392 1316 ut
415 1267 543 1315 mihi
570 1282 677 1315 non
706 1267 813 1314 ullo
840 1266 1070 1329 pondere
1097 1273 1231 1313 terra
1254 1241 1405 1313 foret.

162 1363 222 1404 25
264 1363 316 1405 at
341 1371 429 1405 vos
456 1369 744 1418 aequoreae
768 1355 997 1402 formosa
1021 1354 1215 1401 Doride
1240 1362 1408 1411 natae,

336 1444 553 1493 eandida
577 1439 715 1492 felici
740 1442 920 1491 solvite
943 1443 1058 1490 vela
1085 1442 1270 1491 choro:

265 1534 310 1582 si
336 1534 543 1596 quando
571 1540 763 1582 vestras
789 1532 968 1580 labens
994 1532 1158 1579 Amor
1183 1532 1356 1594 attigit
1381 1531 1562 1590 undae,

335 1622 614 1671 mansuetis
643 1621 787 1670 socio
814 1621 1009 1683 parcite
1034 1619 1288 1671 litoribus.
1606 1662 1653 1670 „.

853 1806 1166 1814 ——-—-...—-—

917 1991 1113 2038 XVIII.

264 2152 406 2200 Haec
432 2160 567 2201 certe
592 2152 790 2200 deserta
814 2151 932 2200 loca
958 2157 1010 2198 et
1032 2149 1287 2197 taciturna
1312 2148 1562 2212 querenti,

337 2248 389 2288 et
411 2255 627 2288 vacuum
650 2240 854 2301 zephyri
881 2236 1108 2302 possidet
1131 2252 1256 2285 aura
1280 2251 1458 2287 nemus
1479 2252 1491 2294 3

264 2329 349 2376 hic
376 2329 497 2377 lieet
522 2328 752 2377 occultos
781 2327 1009 2389 proferre
1034 2325 1229 2388 inpune
1255 2325 1476 2383 dolores,

336 2417 380 2464 si
404 2416 559 2464 modo
586 2415 700 2463 sola
725 2421 919 2476 queant
944 2428 1074 2461 saxa
1098 2420 1273 2462 tenere
1299 2414 1464 2463 fidem.

199 2512 223 2550 5
266 2504 400 2552 unde
425 2511 543 2552 tuos
569 2502 789 2565 primum
813 2508 1059 2564 repetam,
1091 2514 1206 2549 mea
1233 2499 1470 2562 Cynthia,
1504 2499 1704 2550 fastus?

337 2590 474 2652 quod
498 2590 623 2638 mihi
649 2590 740 2638 das
765 2589 937 2647 flendi,
970 2587 1208 2649 Cynthia,
1240 2588 1580 2650 principium:
