1942 3000
251 148 362 199 254
840 151 1160 192 ΡΒΟΡΒΒΤῙῙ

151 315 215 357 3ο
326 316 555 357 servata:
599 324 667 357 an
692 309 873 358 mediis
900 310 1033 358 sidat
1057 318 1245 359 onusta
1268 310 1448 359 vadis?

256 398 394 460 quod
420 397 463 445 si
489 398 622 446 forte
649 397 824 461 aliqua
850 398 1001 447 nobis
1027 399 1288 448 mutabere
1315 398 1487 464 eulpa,

325 487 631 536 vestibulum
656 486 853 535 iaceam
876 496 1109 537 mortuus
1135 495 1257 537 ante
1281 497 1442 537 tuum.

841 693 1159 700 —————-

937 931 1058 981 XV.

253 1106 299 1156 o
326 1122 407 1156 me
432 1108 668 1157 felicem!
711 1123 742 1157 0
769 1124 877 1157 nox
900 1109 1026 1157 mihi
1051 1093 1299 1158 ca‘ndida!
1343 1116 1394 1158 et
1419 1124 1450 1157 0
1476 1118 1534 1158 tu

322 1196 509 1244 lectule
536 1196 730 1245 deliciis
755 1196 892 1245 facte
918 1197 1067 1247 beate
1090 1198 1244 1246 meis!

250 1299 406 1347 quam
430 1285 592 1334 multa
618 1285 855 1348 adposita
878 1301 1147 1335 narramus
1167 1281 1329 1335 'verba
1354 1287 1585 1346 lucerna,

322 1381 619 1437 quantaque
643 1375 849 1424 sublato
875 1375 1071 1424 lumine
1094 1374 1209 1423 rixa
1232 1374 1360 1423 fuit!

182 1469 208 1510 5
250 1477 371 1511 nam
393 1462 550 1512 modo
575 1463 778 1517 nudatis
804 1477 1007 1513 mecum
1032 1470 1110 1513 est
1135 1463 1328 1513 luctata
1352 1462 1576 1527 papilliS,

317 1552 574 1601 interdum
599 1553 776 1602 tunica
801 1553 948 1601 duxit
972 1559 1152 1617 operta
1176 1566 1390 1602 moram.

246 1640 340 1688 illa
364 1655 504 1691 meos
533 1656 716 1690 somno
744 1642 918 1705 lapsos
945 1642 1187 1705 patefecit
1213 1642 1409 1691 ocellos

318 1743 406 1777 ore
432 1744 545 1790 suc,
578 1738 628 1778 et
651 1731 785 1780 dixit
806 1730 1003 1791 ‘sicine‚
1035 1732 1191 1790 lente,
1224 1730 1362 1779 iaces
1374 1730 1414 1778 ?'

246 1833 402 1880 quam
426 1818 567 1867 vario
595 1820 838 1883 amplexu
861 1829 1120 1868 mutamus
1145 1818 1413 1868 bracchia!
1456 1826 1706 1882 quantum
1773 1830 1781 1859 ί

143 1912 204 1955 10
317 1906 495 1955 oscula
519 1914 640 1955 sunt
666 1908 823 1957 labris
851 1915 1032 1956 nostra
1055 1915 1256 1956 morata
1278 1907 1408 1956 tuis!

243 2009 351 2042 non
375 1995 513 2043 iuvat
536 1995 589 2043 in
618 2010 773 2045 caeco
800 1997 1058 2046 Venerem
1083 2009 1410 2059 corrumpere
1434 2002 1604 2044 motu:

315 2084 357 2131 si
386 2085 572 2145 nescis,
606 2084 744 2133 oculi
770 2092 892 2133 sunt
914 2085 969 2132 in
996 2098 1172 2133 amore
1197 2084 1369 2133 duces,

242 2171 353 2235 ipse
377 2173 521 2221 Paris
549 2174 687 2222 nuda
713 2173 874 2222 fertur
898 2173 1109 2237 periisse
1133 2173 1392 2234 Lacaena,

315 2275 431 2309 cum
458 2262 728 2311 Menelaeo
754 2270 988 2326 surgeret
1012 2276 1039 2310 e
1064 2261 1320 2310 thalamoz

140 2356 199 2396 15
241 2348 410 2397 nudus
440 2357 488 2397 et
511 2350 803 2412 Endymion
828 2349 1025 2399 Phoebi
1053 2349 1250 2412 cepisse
1276 2364 1506 2399 sororem

311 2437 498 2486 dicitur
523 2444 575 2485 et
601 2437 768 2485 nudae
795 2438 1138 2486 concubuisse
1164 2437 1306 2486 deae.

240 2525 378 2586 quod
405 2524 448 2573 si
475 2525 780 2588 pertendens
806 2526 979 2573 animo
1007 2526 1190 2574 vestita
1215 2526 1436 2586 cubariS,

309 2613 471 2661 scissa
494 2621 633 2661 veste
658 2626 798 2661 meas
826 2614 1088 2676 experiere
1112 2627 1324 2663 manus:
