1942 3000
275 170 385 220 266
867 173 1190 213 raonem-11

276 331 363 378 sed
390 330 483 378 tibi
508 330 552 379 si
578 331 737 378 exiles
763 330 936 378 videor
961 338 1202 379 tenuatus
1230 331 1286 379 in
1310 337 1469 390 artae,

348 418 568 467 falleris:
612 418 749 466 haud
775 433 1021 480 umquam
1048 426 1123 467 est
1148 419 1289 467 culta
1312 419 1490 467 labore
1516 419 1712 468 Venus.

275 514 578 570 percontere
603 507 751 555 licet:
795 521 948 570 saepe
978 515 1054 555 est
1078 515 1291 570 experta
1317 508 1491 570 puella

348 595 577 643 officium
602 603 712 644 tota
737 604 888 644 nocte
914 596 1083 644 valere
1108 611 1296 644 meum.

165 691 234 732 25
270 684 501 746 Iuppiter
523 684 805 732 Alcmenae
830 685 1060 747 geminas
1087 685 1403 747 requieverat
1427 691 1612 743 arctoe,

347 780 396 821 et
423 773 623 821 caelum
647 780 805 821 noctu
832 773 908 821 bis
935 773 1049 821 sine
1074 787 1195 836 rege
1222 773 1344 822 fuit:

275 875 369 910 nec
396 869 567 909 tamen
592 862 786 910 idcirco
811 861 1066 923 languens
1094 861 1157 909 ad
1184 861 1403 909 fulmina
1427 861 1582 910 venit.

347 950 520 998 nullus
548 964 693 997 amor
715 949 846 997 vires
874 949 1022 1011 eripit
1046 949 1158 1012 ipse
1181 963 1319 997 suas·

275 1038 435 1102 quid?
472 1053 591 1086 cum
616 1052 644 1085 e
670 1038 929 1100 conplexu
953 1038 1218 1085 Briseidos
1245 1038 1342 1085 iret
1365 1037 1616 1097 Achilles,

167 1135 233 1177 30
347 1141 471 1174 num
494 1126 672 1189 fugere
698 1126 866 1173 minus
892 1125 1143 1174 Thessala
1166 1127 1272 1174 tela
1296 1126 1523 1189 Phryges
1539 1126 1564 1173 ⁴?

277 1214 398 1276 quid
409 1214 432 1260 ἰ’
458 1213 594 1261 ferus
609 1213 1006 1261 Andromachae
1033 1213 1166 1261 lecto
1184 1228 1300 1261 cum
1315 1220 1547 1276 surgeret
1560 1214 1772 1275 Hector,

346 1304 483 1352 bella
506 1304 819 1365 Mycenaeae
835 1318 950 1352 'non
981 1303 1194 1351 timuere
1219 1302 1389 1351 rates?

273 1392 363 1440 ille
387 1392 468 1440 vel
493 1392 577 1439 hic
603 1392 793 1440 classes
822 1398 1023 1454 poterat
1050 1391 1129 1439 vel
1155 1392 1370 1453 perdere
1392 1405 1585 1439 muros.

348 1480 431 1529 hic
458 1494 556 1544 ego
583 1479 808 1541 Pelides,
840 1479 924 1529 hic
950 1480 1090 1529 ferus
1116 1479 1310 1529 Hector
1337 1491 1454 1543 ego.

172 1577 236 1619 35
279 1569 488 1632 adspice
513 1569 585 1617 uti
615 1570 760 1618 caelo
786 1569 940 1618 modo
969 1570 1050 1618 sol
1076 1570 1231 1617 modo
1257 1569 1386 1617 luna
1407 1568 1688 1617 ministret:

349 1655 421 1705 sic
450 1657 603 1705 etiam
627 1658 780 1706 nobis
808 1672 912 1706 una
935 1658 1114 1720 puella
1139 1664 1386 1720 parumst.

279 1744 441 1792 altera
464 1758 546 1793 me
572 1745 770 1807 cupidis
796 1752 970 1793 teneat
994 1744 1267 1805 foveatque
1291 1743 1517 1802 lacertis,

351 1835 513 1882 altera
538 1833 791 1895 siquando
816 1848 922 1880 non
950 1832 1074 1880 sinit
1099 1845 1210 1879 esse
1236 1832 1426 1890 locum,

280 1929 371 1969 aut
395 1921 438 1968 si
464 1921 599 1969 forte
625 1920 755 1968 irata
779 1935 896 1969 meo
922 1921 988 1967 sit
1013 1919 1152 1968 facta
1174 1919 1431 1979 ministro,

174 2018 239 2059 40
351 2017 408 2057 ut
433 2007 563 2058 sciat
588 2022 699 2056 esse
725 2009 880 2056 aliam
905 2023 1040 2071 quae
1065 2008 1188 2056 velit
1214 2022 1327 2057 esse
1350 2022 1482 2057 mea.

282 2112 401 2146 nam
426 2097 606 2146 melius
633 2097 736 2144 duo
764 2096 1045 2145 defendunt
1070 2097 1353 2146 retinacula
1378 2097 1564 2156 navim,

352 2185 510 2234 tutius
538 2193 588 2233 et
611 2185 845 2248 geminos
872 2186 1029 2234 anxia
1053 2194 1215 2234 mater
1240 2186 1348 2235 alit.
