1942 3000
173 285 232 325 10

173 727 232 768 15

169 1168 231 1209 20

170 1613 232 1655 25

171 2056 231 2098 30

272 116 379 167 20ss
857 118 1177 157 Pnornnrn

344 283 398 323 at
424 275 516 324 tibi
543 289 779 323 curarum
804 275 947 324 milia
971 282 1165 339 quanta
1191 274 1361 323 dabit!

273 379 378 413 non
405 364 496 411 tibi
523 363 627 411 iam
651 378 877 424 somme,
910 378 1016 411 non
1043 363 1135 411 illa
1161 363 1420 426 relinquet
1444 363 1668 412 ocellos:

282 457 289 464 ‘
339 453 432 500 illa
457 452 593 500 feros
622 451 804 501 animis
832 452 1029 515 adligat
1055 467 1159 500 una
1183 452 1338 500 viros·

273 542 338 589 ah
364 555 478 589 mea
505 547 827 603 contemptus
855 541 1095 602 quotiens
1124 541 1188 588 ad
1214 541 1394 589 limina
1421 554 1610 600 curres,

345 645 461 678 cum
484 629 578 678 tibi
604 629 835 692 singultu
859 629 1017 678 fortia
1039 630 1418 687 verbacadent,

274 726 324 767 et
348 718 593 766 tremulus
618 718 825 766 maestis
851 718 1046 766 orietur
1071 718 1274 766 fletibus
1301 718 1501 777 horror,

346 815 395 855 et
420 807 572 854 timor
597 807 871 854 informem
898 807 1050 854 ducet
1072 807 1128 854 in
1154 821 1243 855 ore
1270 814 1463 866 notam,

274 903 324 944 et
348 909 703 958 quaecumque
727 895 867 942 voles
893 894 1093 957 fugient
1118 895 1210 943 tibi
1234 896 1389 943 verba
1415 894 1665 957 querenti,

344 998 440 1032 nec
465 984 674 1047 poteris,
706 983 794 1045 qui
821 983 890 1031 sis
917 991 1007 1031 aut
1029 983 1136 1043 ubi,
1171 996 1325 1031 nosse
1350 984 1521 1032 miser.

272 1079 381 1120 tum
405 1086 559 1134 grave
584 1072 846 1120 servitium
872 1080 1082 1120 nostrae
1107 1085 1294 1135 cogere
1319 1071 1524 1134 puellae

342 1161 538 1209 discere
563 1167 613 1208 et
638 1161 903 1209 exclusum
930 1160 1050 1223 quid
1077 1161 1145 1208 sit
1167 1160 1309 1209 abire
1334 1160 1515 1208 domu:

273 1263 369 1297 nec
395 1249 499 1297 iam
524 1249 776 1311 pallorem
798 1249 988 1297 totiens
1013 1249 1264 1297 mirabere
1289 1256 1542 1309 nostrum,

343 1345 433 1386 aut
460 1352 550 1385 cur
574 1337 672 1385 sim
697 1344 806 1385 toto
837 1352 1053 1400 corpore
1080 1338 1255 1385 nullus
1285 1352 1398 1399 ege.

272 1441 368 1474 nec
393 1426 487 1474 tibi
514 1426 758 1473 nobilitas
785 1428 976 1489 poterit
1000 1440 1298 1474 succurrere
1326 1425 1544 1474 amanti:

345 1511 508 1565 nescit
531 1516 696 1563 Amor
720 1516 900 1578 priscis
929 1517 1108 1564 cedere
1130 1516 1457 1578 imaginibus.

275 1606 415 1669 quod
441 1605 483 1653 si
510 1619 668 1667 parva
693 1611 812 1652 tuae
837 1605 1036 1653 dederis
1062 1604 1278 1667 vestigia
1305 1605 1506 1666 culpae,

345 1708 499 1757 quam
525 1693 625 1741 cito
652 1693 714 1740 de
740 1701 883 1741 tanto
913 1693 1122 1741 nomine
1148 1707 1322 1741 rumor
1348 1693 1473 1741 eris!

273 1797 380 1830 non
408 1784 503 1844 eg'o
531 1789 639 1829 tum
666 1788 846 1843 potero
874 1781 1070 1830 solacia
1098 1781 1233 1830 ferre
1263 1780 1482 1844 roganti,

346 1885 462 1918 cum
486 1869 611 1917 mihi
637 1869 781 1917 nulla
805 1869 905 1917 mei
931 1869 998 1917 sit
1022 1870 1277 1919 medicina
1301 1870 1452 1918 mali:

274 1959 363 2008 sed
389 1959 580 2022 pariter
603 1957 773 2006 miseri
800 1959 944 2006 socio
972 1973 1217 2022 cogemur
1241 1972 1416 2007 amore

344 2048 474 2096 alter
497 2047 552 2095 in
578 2047 789 2095 alterius
814 2054 994 2095 mutua
1020 2048 1142 2096 flere
1169 2049 1302 2096 sinu.

274 2150 448 2199 quare,
482 2135 604 2198 quid
631 2136 793 2198 possit
821 2151 936 2185 mea
961 2136 1198 2199 Cynthia,
1231 2136 1425 2193 desine,
1460 2121 1628 2194 Galle,

344 2239 618 2287 quaerere:
661 2240 766 2274 non
791 2224 986 2288 inpune
1011 2226 1102 2274 illa
1127 2233 1307 2287 rogata
1332 2224 1486 2273 venit.
