1942 3000
790 198 966 272 1:13ssss
998 199 1057 234 v.
1086 251 1088 253 v
1120 214 1126 238 2
1553 195 1655 246 357

21 405 24 428 ἐ
235 366 465 399 murmur
490 354 554 400 ad
582 360 839 401 extremae
864 335 1030 416 nuper
1054 354 1264 401 humata
1288 353 1416 415 viae,

21 435 24 486 ἒ
96 448 120 487 5
166 454 284 487 cum
308 440 434 487 mihi
461 455 670 488 somnus
698 443 762 489 ab
790 442 1021 504 exequiis
1049 442 1295 505 penderet
1319 443 1527 501 amoriS‚

21 513 24 514 ⁷
236 534 285 574 et
311 541 551 589 quererer
574 530 690 577 lecti
717 529 900 591 frigida
926 544 1085 592 regna
1111 530 1228 578 mei.
1293 569 1297 573 .

164 614 369 663 eosdem
396 616 573 665 habuit
600 632 773 666 secum
800 618 987 679 quibus
1016 625 1093 666 est
1117 619 1250 684 elata
1276 618 1511 680 capillos,

235 702 441 750 eosdem
467 705 676 752 oculos:
720 705 865 752 lateri
892 704 1046 752 vestis
1073 704 1255 752 adusta
1280 704 1395 763 fuit,
1463 698 1471 703 ’

21 849 24 864 ᾖ
164 803 214 842 et
240 796 449 843 solitum
474 793 635 855 digito
664 792 898 853 beryllon
926 792 1166 839 adederat
1190 791 1343 853 ignis,

59 890 120 930 10
236 896 536 945 summaque
561 881 815 928 Lethaeus
845 880 1052 927 triverat
1079 894 1170 927 ora
1196 879 1380 942 liquor.

162 971 506 1033 spirantisque
531 969 731 1016 animos
760 975 810 1016 et
833 982 1011 1015 vocem
1037 967 1202 1015 misit:
1247 975 1300 1015 at
1323 968 1423 1015 illiae

235 1058 512 1120 pollicibus
538 1056 748 1118 fragiles
773 1039 1074 1117 increpuere
1098 1069 1299 1103 manus.

162 1146 380 1208 ‘perfide
407 1160 501 1193 nec
529 1144 768 1205 cuiquam
792 1143 976 1191 melior
1002 1142 1251 1204 sperande
1278 1143 1500 1204 puellae,

234 1234 289 1280 in
316 1241 365 1281 te
390 1234 493 1280 iam
518 1233 648 1280 vires
676 1246 886 1280 somnus
915 1231 1100 1278 habere
1126 1230 1330 1292 potest?

57 1331 118 1371 15
161 1322 331 1369 iamne
356 1322 449 1369 tibi
478 1320 774 1368 exciderant
798 1318 1028 1380 vigilacis
1056 1319 1192 1365 furta
1219 1318 1452 1366 Suburae

235 1416 286 1456 et
310 1423 425 1456 mea
450 1407 715 1456 nocturnis
742 1408 863 1455 trita
888 1407 1115 1454 fenestra
1140 1389 1309 1453 dolis?

163 1512 255 1560 per
281 1512 436 1559 quam
461 1496 684 1544 demisso
711 1496 949 1558 quotiens
976 1495 1067 1542 tibi
1094 1495 1217 1542 fune
1243 1492 1481 1556 pependi,

232 1586 432 1633 alterna
458 1584 666 1645 veniens
694 1584 748 1630 in
775 1590 864 1631 tua
891 1583 1027 1630 colla
1051 1597 1208 1629 manu
1230 1582 1241 1628 1

160 1687 315 1735 saepe
340 1672 516 1720 Venus
544 1671 690 1719 trivio
717 1670 989 1718 commissa
1015 1678 1106 1729 est,
1140 1676 1347 1732 pectore
1371 1668 1533 1715 mixto

53 1770 118 1811 20
232 1759 465 1808 fecerunt
492 1760 689 1822 tepidas
717 1758 878 1821 pallia
902 1765 1082 1829 nostra
1108 1758 1231 1805 vias,

161 1848 384 1897 foederis
409 1849 510 1896 heu
536 1848 696 1906 taciti,
730 1849 875 1897 cuius
902 1847 1112 1895 fallacia
1139 1848 1293 1895 verba

233 1950 337 1984 non
366 1937 587 1984 audituri
614 1937 871 1998 diripuere
898 1937 1027 1984 noti.
1504 2001 1508 2006 ι

161 2032 214 2072 at
238 2025 361 2072 mihi
389 2039 494 2072 non
522 2025 701 2072 oculos
730 2025 1006 2086 quisquam
1030 2023 1327 2071 inclamavit
1352 2022 1551 2070 euntis:

233 2127 391 2160 unum
415 2113 753 2174 inpetrassem
780 2119 829 2159 te
855 2120 1130 2160 revocante
1156 2111 1306 2158 diem.

21 2248 22 2253 ,
57 2210 119 2251 25
162 2215 257 2249 nec
285 2200 482 2262 crepuit
508 2200 628 2247 fissa
653 2213 736 2246 me
762 2208 971 2261 propter
996 2199 1247 2246 arundine
1274 2205 1462 2255 custOS‚

21 2334 24 2375 ν
231 2284 385 2337 laesit
406 2296 456 2335 et
480 2287 738 2336 obiectum
763 2288 938 2348 tegula
965 2295 1109 2334 curta
1136 2293 1305 2349 caput.

161 2375 381 2436 denique
408 2375 523 2437 quis
551 2383 730 2422 nostro
759 2388 967 2422 curvum
994 2380 1044 2421 te
1071 2373 1251 2421 funere
1277 2373 1417 2431 vidit,

234 2470 395 2510 atram
423 2463 536 2525 quis
564 2462 786 2511 lacrimis
812 2462 1094 2509 incaluisse
1120 2460 1329 2523 togam?

161 2550 202 2598 si
236 2549 401 2613 piguit
426 2558 602 2611 portas
632 2550 767 2596 ultra
792 2549 1087 2611 procedere,
1120 2556 1173 2595 at
1197 2548 1323 2596 illuc

56 2649 118 2690 30
232 2637 486 2697 iussisseS‚
521 2639 710 2686 lectum
737 2637 926 2685 lentius
951 2637 1026 2686 ire
1052 2651 1237 2685 meum.
