1942 3000
142 580 205 621 90

150 2349 209 2387 10

243 151 349 203 350
829 151 1147 190 ΡΒΟΡΕΒΤῙΙ

243 309 538 371 prodiderat
562 317 845 371 portaeque
870 307 1020 355 fidem
1047 308 1368 370 patriamque
1391 306 1674 359 iacentem.

314 396 647 459 nubendique
672 396 816 458 petit,
849 409 1002 458 quem
1026 395 1148 443 velit
1171 395 1299 457 ipse,
1334 394 1483 443 diem.

245 493 299 533 at
311 485 489 532 Tatius
519 485 710 547 (neque
737 484 872 531 enim
899 484 1081 531 sceleri
1109 483 1246 532 dedit
1271 483 1432 531 hostis
1458 484 1747 547 honorem)

317 573 332 591 ‘
347 572 507 619 nube'
530 571 603 619 ait
624 571 703 620 ‘et
727 571 874 633 regni
900 572 1091 619 scande
1117 571 1286 619 cubile
1310 571 1450 619 mei.'

246 661 392 721 dixit,
426 668 477 707 et
501 660 713 722 ingestis
742 659 987 707 comitum
1012 673 1168 722 super
1193 659 1367 708 obruit
1391 661 1563 708 armiS.

317 750 461 807 haec,
497 750 658 810 virg0,
689 748 870 797 officiis
897 748 991 797 dos
1021 756 1129 795 erat
1151 755 1272 810 apta
1298 748 1416 796 tuis.

248 855 280 886 a
304 839 433 886 duce
457 838 679 900 Tarpeia
702 852 852 885 mons
880 844 957 884 est
982 851 1271 898 cognomen
1298 837 1513 900 adeptus
1533 855 1546 897 3

320 942 350 973 o
378 927 513 990 vigil,
545 926 734 975 iniuste
759 925 988 989 praemia
1013 925 1164 973 sortis
1190 926 1367 974 habes

835 1128 1148 1139 ———

958 1367 1024 1415 V.

250 1546 409 1593 Terra
433 1553 577 1593 tuum
602 1545 763 1607 spinis
793 1544 1033 1604 obducat,
1066 1545 1202 1603 lena,
1235 1544 1547 1606 sepulcrum,

323 1643 374 1683 et
398 1642 502 1694 tua,
535 1635 672 1698 quod
699 1649 806 1682 non
831 1634 923 1694 νίε,
954 1633 1143 1682 sentiat
1167 1634 1346 1680 umbra
1371 1631 1524 1691 sitim,

252 1739 347 1773 nec
373 1724 583 1773 sedeant
609 1724 769 1772 cineri
795 1737 990 1782 maneS‚
1023 1729 1073 1770 et
1098 1721 1351 1770 Cerberus
1377 1721 1514 1768 ultor

322 1813 494 1874 turpia
515 1811 689 1858 ieiuno
717 1819 906 1858 terreat
931 1825 1050 1859 ossa
1074 1823 1223 1858 sono,

252 1901 403 1948 docta
429 1899 507 1946 vel
533 1897 871 1960 Hippolytum
897 1898 1086 1946 Veneri
1111 1897 1312 1945 mollire
1337 1903 1638 1957 negantem,

323 1986 671 2048 concordique
695 1993 810 2034 toro
837 1986 1062 2049 pessima
1088 1999 1289 2049 semper
1312 1984 1436 2043 avie,

250 2076 544 2138 Penelopen
573 2089 780 2137 quoque
805 2076 1046 2137 neglecto
1071 2088 1275 2122 rumore
1300 2072 1468 2121 mariti

322 2164 516 2213 nubere
542 2163 733 2211 lascivo
762 2171 968 2225 cogeret
995 2163 1244 2212 Antinoo.

250 2255 343 2302 illa
367 2253 505 2311 velit,
535 2252 722 2313 poterit
744 2266 955 2313 magnes
983 2266 1091 2299 non
1118 2252 1304 2300 ducere
1341 2248 1536 2299 ferrum

323 2346 373 2386 et
397 2338 617 2385 volucris
649 2337 778 2385 nidis
806 2352 917 2386 esse
944 2352 1163 2386 noverca
1189 2338 1313 2387 suis.

253 2425 445 2486 quippe
470 2431 537 2483 et,
573 2423 803 2472 Collinas
830 2424 894 2471 ad
921 2425 1114 2472 fossam
1139 2426 1354 2474 moverit
1379 2427 1583 2486 herba8‚

221 2490 230 2495 .
322 2511 512 2558 stantia.
536 2511 758 2558 currenti
782 2510 1101 2559 diluerentur
1123 2527 1277 2573 aqua.

251 2597 421 2643 audax
448 2604 681 2644 cantatae
708 2597 846 2658 leges
873 2598 1126 2659 inponere
1151 2599 1308 2647 lunae
