1942 3000
820 173 997 222 LIBER
1029 173 1088 211 v.
1597 169 1702 220 361

109 338 170 378 10
281 343 398 377 cum
420 336 607 377 temere
631 329 862 392 anguino
889 329 1110 377 creditur
1137 343 1226 377 ore
1251 343 1449 377 manus.

208 417 296 465 ille
322 417 419 465 sibi
444 417 674 465 admotas
701 432 732 465 a
757 418 952 479 virgine
979 418 1190 480 corripit
1215 431 1389 466 escas:

277 505 488 568 virginis
513 506 568 553 in
595 506 781 568 palmis
807 507 923 569 ipsa
949 506 1174 555 canistra
1199 513 1438 555 tremunt.

207 593 250 641 si
277 593 468 641 suerint
493 601 680 653 castae,
712 595 926 643 redeunt
951 594 1006 642 in
1034 595 1170 643 colla
1196 601 1484 657 parentum.

278 682 603 745 clamantque
628 683 886 745 agricolae
909 682 1117 730 ‘fertilis
1143 697 1311 731 annus
1337 681 1500 743 erit'),

104 777 119 817 1
139 779 164 819 5
204 770 304 817 huc
328 784 444 817 mea
468 770 696 818 detonsis
724 777 901 819 avecta
926 777 1003 818 est
1029 769 1250 831 Cynthia
1273 770 1504 818 mannis:

276 872 432 906 causa
458 858 558 907 fuit
581 858 734 917 Iuno,
766 858 855 907 scd
881 873 1032 920 mage
1057 873 1214 906 causa
1240 858 1416 906 Venus

201 945 392 1007 Appia,
423 946 505 994 dic
531 960 742 1008 quaese,
775 953 1025 1009 quantum
1049 953 1099 994 te
1126 953 1253 994 teste
1280 945 1599 1009 triumphurn

274 1034 436 1095 egerit
462 1034 633 1083 effusis
660 1049 752 1097 per
775 1042 864 1083 tua
887 1050 1016 1084 saxa
1041 1036 1188 1093 rotis,

202 1122 364 1183 turpis
391 1122 445 1169 in
472 1137 661 1171 arcana
684 1123 859 1172 sonuit
884 1138 1002 1172 cum
1028 1123 1140 1171 rixa
1165 1124 1410 1181 taberna3

97 1217 160 1257 20
273 1209 317 1258 si
342 1210 452 1258 sine
476 1224 575 1270 me,
606 1211 773 1259 famae
799 1225 905 1258 non
931 1212 1043 1260 sinc
1068 1211 1186 1259 labe
1212 1224 1373 1258 meae.

201 1299 516 1360 spectaclum
541 1299 653 1360 ipsa
679 1299 860 1347 sedens
888 1298 1054 1361 primo
1082 1306 1287 1346 temone
1313 1298 1573 1360 pependit,

272 1400 399 1433 ausa
424 1400 518 1448 per
541 1385 755 1447 inpuros
782 1387 931 1434 frena
953 1400 1159 1434 movere
1184 1387 1348 1434 locos.

202 1472 377 1522 Serica
402 1488 523 1522 nam
549 1481 693 1522 taceo
720 1474 852 1523 volsi
880 1481 1126 1536 carpenta
1152 1473 1373 1536 nepotis,

270 1570 424 1623 atque
449 1561 731 1610 armillatos
760 1563 897 1610 colla
920 1563 1153 1610 Molossa
1179 1575 1352 1620 canem,

93 1657 158 1697 25
200 1648 289 1711 qui
316 1648 457 1697 dabit
481 1649 759 1697 inmundae
786 1649 990 1697 venalia
1014 1648 1120 1696 fata
1145 1648 1375 1710 saginae,

267 1736 436 1784 vincet
459 1736 546 1783 ubi
575 1750 746 1785 erasas
773 1736 932 1784 barba
957 1735 1198 1798 pudenda
1223 1749 1400 1797 genas.

199 1839 315 1872 cum
342 1825 485 1873 ficret
508 1832 688 1872 nostro
717 1825 904 1874 totiens
931 1824 1122 1872 iniuria
1147 1825 1300 1883 lecte,

267 1921 463 1961 mutato
489 1914 629 1962 volui
657 1922 823 1963 castra
847 1928 1051 1962 movere
1077 1921 1211 1961 toro,

195 2000 391 2061 Phyllis
416 2000 706 2049 Aventinae
732 2001 985 2063 quaedam
1011 2008 1087 2049 est
1112 2000 1280 2048 vicina
1304 2000 1538 2059 Diana03

90 2096 154 2137 30
268 2088 441 2136 sobria
466 2095 614 2150 grata
640 2103 849 2150 parum:
894 2103 1011 2136 cum
1038 2088 1181 2147 bibit,
1216 2102 1367 2136 omne
1392 2089 1555 2136 dccet.

194 2175 357 2224 altera
383 2176 627 2238 Tarpeios
657 2185 735 2225 est
758 2176 893 2224 inter
915 2176 1044 2224 Teia
1068 2177 1215 2224 lucos
1236 2193 1248 2235 3

268 2265 502 2324 candida,
536 2265 623 2312 sed
651 2272 803 2327 potae
828 2279 935 2314 non
963 2265 1086 2313 satis
1113 2279 1246 2313 unus
1274 2265 1384 2314 erit.

191 2352 271 2399 his
298 2366 395 2414 ego
424 2353 665 2400 constitui
691 2361 897 2401 noctem
921 2353 1084 2400 lenire
1110 2353 1320 2412 vocatiS,

267 2449 318 2488 et
340 2440 545 2489 Venere
570 2441 750 2503 ignota
778 2441 913 2489 furta
940 2455 1130 2489 novare
1156 2455 1286 2489 mea.

23 2586 26 2589 ‚
86 2535 149 2577 35
191 2543 326 2576 unus
355 2536 463 2576 erat
487 2529 650 2577 tribus
677 2530 731 2576 in
757 2537 953 2603 seq-eta
978 2530 1200 2578 lectulus
1225 2531 1401 2578 herba.

263 2617 466 2679 quaeris
494 2618 796 2667 concubitus
812 2619 835 2666 ’ἓ
871 2619 1006 2667 inter
1031 2626 1299 2683 utramque
1325 2619 1418 2668 fui.
