1942 3000
29 2770 155 2962 k

174 751 240 792 45

178 1195 239 1236 50

178 1639 238 1678 55

175 2081 236 2121 60

175 2523 234 2563 65

279 145 382 194 140
900 146 1144 185 'numu

277 305 376 352 heu
403 318 517 352 sero
542 310 808 351 revocatur
830 318 974 350 amor
1001 316 1220 363 seroque
1244 303 1469 353 iuventa.

351 399 466 439 e'um
491 399 632 440 vetus
656 392 836 440 infecit
863 406 994 439 cana
1020 376 1232 439 senecta
1255 398 1425 453 eaput.

278 488 387 536 tum
423 479 645 528 studium
682 480 879 535 formae
917 488 1023 528 est:
1080 494 1229 527 coma
1266 487 1375 526 tum
1410 486 1664 541 mutatur,
1719 486 1780 527 ut

493 583 656 615 annos
1303 550 1306 553 Α

351 656 638 704 dissimulet
662 656 805 704 viridi
831 657 1020 704 cortice
1045 656 1204 705 tincta
1230 657 1403 704 nucis:

279 745 462 794 tollere
487 753 594 793 tum
620 760 742 793 cura
769 753 846 793 est
871 746 1018 793 albos
1045 761 1077 793 a
1100 746 1258 807 stirpe
1284 745 1501 807 capillos

352 842 402 882 et
426 834 611 881 faeiem
634 834 838 896 dempta
863 834 999 896 pelle
1024 835 1209 882 referre
1234 849 1434 881 novam.

279 930 333 970 at
358 930 430 981 tu,
463 923 584 969 dum
609 922 760 985 primi
787 923 936 969 floret
959 922 1052 971 tibi
1078 921 1321 985 temporis
1348 929 1507 980 aetas,

354 1019 519 1059 utere:
564 1025 672 1059 uon
696 1011 840 1058 tardo
868 1011 1057 1059 labitur
1080 1011 1170 1058 illa
1198 1011 1340 1073 pede.

280 1114 381 1148 neu
406 1099 698 1147 Marathum
723 1107 932 1161 torque:
978 1114 1136 1162 puero
1166 1113 1298 1161 quae
1323 1098 1491 1162 gloria
1513 1096 1731 1146 vietost?

351 1188 404 1235 in
431 1195 622 1236 veteres
650 1198 759 1236 esto
787 1188 929 1246 dura,
965 1188 1156 1250 puella,
1189 1202 1353 1236 senes.

280 1291 433 1339 parce
458 1291 641 1338 precor
663 1283 869 1324 tenero:
914 1292 1021 1324 non
1047 1277 1123 1324 illi
1150 1275 1350 1324 sontica
1377 1281 1599 1334 cansast,

353 1365 438 1413 sed
466 1365 654 1413 nimius
680 1366 789 1413 luto
817 1380 1037 1427 corpora
1062 1365 1213 1426 tingit
1238 1379 1399 1411 amor.

280 1467 372 1502 vae
395 1453 546 1502 miser
570 1454 768 1503 absenti
794 1461 1014 1502 maestas
1042 1468 1196 1516 quam
1222 1467 1374 1516 saepe
1401 1452 1655 1515 querellas

352 1542 545 1591 conicit
570 1550 619 1591 et
643 1543 864 1591 lacrimis
891 1543 1065 1591 omnia
1091 1543 1246 1605 plena
1271 1542 1506 1590 madent!

278 1631 417 1693 ‘quid
443 1646 523 1678 me
550 1632 743 1693 spernis
758 1632 797 1678 ?'
832 1632 919 1679 ait.
995 1631 1213 1694 ‘poterat
1239 1630 1471 1679 custodia
1495 1629 1657 1678 vinci:

350 1720 461 1781 ipse
488 1720 625 1767 dedit
651 1721 847 1782 cupidis
874 1720 1053 1767 fallere
1080 1734 1231 1782 posse
1257 1720 1401 1767 deus.

279 1815 403 1855 nota
430 1807 604 1855 Venus
632 1807 815 1854 furtiva
839 1808 962 1855 mihi
990 1816 1083 1866 est,
1115 1817 1170 1855 ut
1197 1808 1329 1856 lenis
1356 1815 1539 1869 agatur

349 1897 573 1959 spiritus,
607 1907 662 1942 ut
687 1909 782 1943 nec
808 1896 931 1943 dent
955 1896 1133 1944 oscula
1157 1903 1303 1958 rapta
1330 1910 1544 1945 sonum:

279 1992 329 2033 et
354 1999 565 2047 possum
589 1983 757 2030 media
783 1985 1014 2046 quamvis
1042 1986 1287 2047 obrepere
1312 1992 1464 2033 nocte

350 2082 400 2120 et
423 2072 636 2134 strepitu
661 2073 808 2120 nullo
839 2074 970 2120 clam
995 2087 1218 2121 reserare
1243 2073 1398 2122 fores.

278 2161 399 2224 quid
426 2169 641 2224 prosunt
667 2169 820 2220 artes,
853 2162 1095 2209 miserum
1119 2162 1162 2210 si
1189 2162 1386 2224 spernit
1410 2169 1666 2213 amantem

350 2257 400 2297 et
424 2249 556 2311 fugit
580 2265 645 2298 ex
670 2250 782 2312 ipso
810 2264 962 2298 saeva
991 2250 1165 2312 puella
1190 2251 1344 2298 toro?

282 2338 358 2384 vel
388 2352 504 2385 eum
531 2339 800 2400 promittit,
833 2339 1003 2387 subito
1031 2338 1121 2386 sed
1147 2338 1339 2401 perfida
1364 2338 1514 2399 fallit,

350 2433 427 2475 est
451 2427 575 2474 mihi
603 2442 709 2475 nox
733 2427 905 2476 multis
934 2426 1221 2490 evigilanda
1245 2427 1410 2476 malis.

278 2515 398 2563 dum
423 2515 544 2563 mihi
573 2523 837 2563 venturam
864 2517 1022 2578 fingo,
1056 2516 1419 2579 quodcumque
1442 2527 1690 2576 movetur,

347 2603 483 2652 illius
511 2605 664 2652 credo
692 2613 799 2653 tum
826 2605 1061 2653 sonuisse
1088 2605 1309 2667 pedem.'
