<?xml version="1.0" encoding="UTF-8"?>
<!DOCTYPE html PUBLIC "-//W3C//DTD XHTML 1.0 Transitional//EN"
    "http://www.w3.org/TR/xhtml1/DTD/xhtml1-transitional.dtd">
<html xmlns="http://www.w3.org/1999/xhtml" xml:lang="en" lang="en">
 <head>
  <title>
</title>
<meta http-equiv="Content-Type" content="text/html;charset=utf-8" />
  <meta name='ocr-system' content='tesseract 3.04.00' />
  <meta name='ocr-capabilities' content='ocr_page ocr_carea ocr_par ocr_line ocrx_word'/>
</head>
<body>
  <div class='ocr_page' id='page_1' title='image "./catullitibullip02vahlgoog_0146.png"; bbox 0 0 1942 3000; ppageno 0'>
   <div class='ocr_carea' id='block_1_1' title="bbox 239 132 1103 182">
    <p class='ocr_par' dir='ltr' id='par_1_1' title="bbox 239 132 1103 182">
     <span class='ocr_line' id='line_1_1' title="bbox 239 132 1103 182; baseline -0.008 0"><span class='ocrx_word' id='word_1_1' title='bbox 239 132 341 182; x_wconf 81' lang='lat'>136</span> <span class='ocrx_word' id='word_1_2' title='bbox 860 136 1103 175; x_wconf 58' lang='lat' dir='ltr'>‘nnuma</span> 
     </span>
    </p>
   </div>
   <div class='ocr_carea' id='block_1_2' title="bbox 119 292 1729 2652">
    <p class='ocr_par' dir='ltr' id='par_1_2' title="bbox 119 292 1729 2652">
     <span class='ocr_line' id='line_1_2' title="bbox 309 292 1418 355; baseline 0.001 -16"><span class='ocrx_word' id='word_1_3' title='bbox 309 306 458 355; x_wconf 89' lang='lat' dir='ltr'>quem</span> <span class='ocrx_word' id='word_1_4' title='bbox 485 300 722 340; x_wconf 84' lang='lat' dir='ltr'>tremeret</span> <span class='ocrx_word' id='word_1_5' title='bbox 746 292 863 340; x_wconf 79' lang='lat' dir='ltr'>forti</span> <span class='ocrx_word' id='word_1_6' title='bbox 889 293 1050 341; x_wconf 87' lang='lat' dir='ltr'>milite</span> <span class='ocrx_word' id='word_1_7' title='bbox 1077 293 1236 340; x_wconf 88' lang='lat' dir='ltr'>vietus</span> <span class='ocrx_word' id='word_1_8' title='bbox 1262 293 1418 340; x_wconf 75' lang='lat' dir='ltr'>Atax,</span> 
     </span>
     <span class='ocr_line' id='line_1_3' title="bbox 168 381 1444 444; baseline 0.002 -17"><span class='ocrx_word' id='word_1_9' title='bbox 168 388 193 427; x_wconf 86' lang='lat'>5</span> <span class='ocrx_word' id='word_1_10' title='bbox 236 394 475 428; x_wconf 88' lang='lat' dir='ltr'>evenere:</span> <span class='ocrx_word' id='word_1_11' title='bbox 520 395 684 429; x_wconf 83' lang='lat' dir='ltr'>novos</span> <span class='ocrx_word' id='word_1_12' title='bbox 711 383 871 443; x_wconf 81' lang='lat' dir='ltr'>pubes</span> <span class='ocrx_word' id='word_1_13' title='bbox 898 381 1133 429; x_wconf 86' lang='lat' dir='ltr'>Romana</span> <span class='ocrx_word' id='word_1_14' title='bbox 1158 382 1444 444; x_wconf 82' lang='lat' dir='ltr'>triumphos</span> 
     </span>
     <span class='ocr_line' id='line_1_4' title="bbox 307 469 1414 531; baseline 0.001 -16"><span class='ocrx_word' id='word_1_15' title='bbox 307 469 431 516; x_wconf 85' lang='lat' dir='ltr'>vidit</span> <span class='ocrx_word' id='word_1_16' title='bbox 456 476 506 517; x_wconf 85' lang='lat' dir='ltr'>et</span> <span class='ocrx_word' id='word_1_17' title='bbox 531 469 756 517; x_wconf 89' lang='lat' dir='ltr'>evinctos</span> <span class='ocrx_word' id='word_1_18' title='bbox 784 469 1024 517; x_wconf 87' lang='lat' dir='ltr'>bracchia</span> <span class='ocrx_word' id='word_1_19' title='bbox 1050 476 1199 531; x_wconf 82' lang='lat' dir='ltr'>capta</span> <span class='ocrx_word' id='word_1_20' title='bbox 1228 470 1381 517; x_wconf 90' lang='lat' dir='ltr'>duces</span> <span class='ocrx_word' id='word_1_21' title='bbox 1402 486 1414 516; x_wconf 89' lang='lat'><strong>:</strong></span> 
     </span>
     <span class='ocr_line' id='line_1_5' title="bbox 234 557 1427 620; baseline 0 -15"><span class='ocrx_word' id='word_1_22' title='bbox 234 565 287 605; x_wconf 88' lang='lat' dir='ltr'>at</span> <span class='ocrx_word' id='word_1_23' title='bbox 312 566 360 605; x_wconf 88' lang='lat' dir='ltr'>te</span> <span class='ocrx_word' id='word_1_24' title='bbox 387 558 620 606; x_wconf 84' lang='lat' dir='ltr'>victrices</span> <span class='ocrx_word' id='word_1_25' title='bbox 646 559 836 617; x_wconf 85' lang='lat' dir='ltr'>lauros,</span> <span class='ocrx_word' id='word_1_26' title='bbox 868 557 1131 617; x_wconf 81' lang='lat' dir='ltr'>Messalla,</span> <span class='ocrx_word' id='word_1_27' title='bbox 1164 566 1427 620; x_wconf 82' lang='lat' dir='ltr'>gerentem</span> 
     </span>
     <span class='ocr_line' id='line_1_6' title="bbox 306 646 1374 709; baseline 0.001 -16"><span class='ocrx_word' id='word_1_28' title='bbox 306 647 544 709; x_wconf 85' lang='lat' dir='ltr'>portabat</span> <span class='ocrx_word' id='word_1_29' title='bbox 570 646 728 694; x_wconf 82' lang='lat' dir='ltr'>niveis</span> <span class='ocrx_word' id='word_1_30' title='bbox 755 661 933 694; x_wconf 86' lang='lat' dir='ltr'>currus</span> <span class='ocrx_word' id='word_1_31' title='bbox 960 647 1183 694; x_wconf 89' lang='lat' dir='ltr'>eburnus</span> <span class='ocrx_word' id='word_1_32' title='bbox 1211 647 1374 709; x_wconf 88' lang='lat' dir='ltr'>equis.</span> 
     </span>
     <span class='ocr_line' id='line_1_7' title="bbox 233 735 1729 798; baseline 0.002 -17"><span class='ocrx_word' id='word_1_33' title='bbox 233 749 338 783; x_wconf 89' lang='lat' dir='ltr'>non</span> <span class='ocrx_word' id='word_1_34' title='bbox 366 735 478 782; x_wconf 89' lang='lat' dir='ltr'>sine</span> <span class='ocrx_word' id='word_1_35' title='bbox 503 749 584 783; x_wconf 91' lang='lat' dir='ltr'>me</span> <span class='ocrx_word' id='word_1_36' title='bbox 610 742 686 782; x_wconf 85' lang='lat' dir='ltr'>est</span> <span class='ocrx_word' id='word_1_37' title='bbox 709 735 802 782; x_wconf 89' lang='lat' dir='ltr'>tibi</span> <span class='ocrx_word' id='word_1_38' title='bbox 829 743 1005 798; x_wconf 85' lang='lat' dir='ltr'>partus</span> <span class='ocrx_word' id='word_1_39' title='bbox 1033 735 1223 782; x_wconf 87' lang='lat' dir='ltr'>honos:</span> <span class='ocrx_word' id='word_1_40' title='bbox 1262 735 1506 783; x_wconf 81' lang='lat' dir='ltr'>Tarbella</span> <span class='ocrx_word' id='word_1_41' title='bbox 1530 736 1729 796; x_wconf 78' lang='lat' dir='ltr'>Pyrene</span> 
     </span>
     <span class='ocr_line' id='line_1_8' title="bbox 128 823 1237 881; baseline -0.004 -9"><span class='ocrx_word' id='word_1_42' title='bbox 128 832 191 872; x_wconf 78' lang='lat'>10</span> <span class='ocrx_word' id='word_1_43' title='bbox 306 824 449 872; x_wconf 85' lang='lat' dir='ltr'>testis</span> <span class='ocrx_word' id='word_1_44' title='bbox 478 832 525 871; x_wconf 89' lang='lat' dir='ltr'>et</span> <span class='ocrx_word' id='word_1_45' title='bbox 554 823 749 870; x_wconf 82' lang='lat' dir='ltr'>Oceani</span> <span class='ocrx_word' id='word_1_46' title='bbox 773 823 927 871; x_wconf 85' lang='lat' dir='ltr'>litora</span> <span class='ocrx_word' id='word_1_47' title='bbox 952 823 1237 881; x_wconf 81' lang='lat' dir='ltr'>Santonici,</span> 
     </span>
     <span class='ocr_line' id='line_1_9' title="bbox 231 910 1721 973; baseline 0 -13"><span class='ocrx_word' id='word_1_48' title='bbox 231 912 372 960; x_wconf 83' lang='lat' dir='ltr'>testis</span> <span class='ocrx_word' id='word_1_49' title='bbox 387 913 522 959; x_wconf 83' lang='lat' dir='ltr'>Arar</span> <span class='ocrx_word' id='word_1_50' title='bbox 534 911 917 973; x_wconf 82' lang='lat' dir='ltr'>Rhodanusque</span> <span class='ocrx_word' id='word_1_51' title='bbox 946 911 1082 959; x_wconf 87' lang='lat' dir='ltr'>celer</span> <span class='ocrx_word' id='word_1_52' title='bbox 1104 925 1423 973; x_wconf 87' lang='lat' dir='ltr'>magnusque</span> <span class='ocrx_word' id='word_1_53' title='bbox 1439 910 1721 972; x_wconf 80' lang='lat' dir='ltr'>Garumna,</span> 
     </span>
     <span class='ocr_line' id='line_1_10' title="bbox 304 998 1393 1062; baseline -0.001 -14"><span class='ocrx_word' id='word_1_54' title='bbox 304 998 514 1048; x_wconf 83' lang='lat' dir='ltr'>Carnuti</span> <span class='ocrx_word' id='word_1_55' title='bbox 540 1007 589 1047; x_wconf 84' lang='lat' dir='ltr'>et</span> <span class='ocrx_word' id='word_1_56' title='bbox 615 999 727 1045; x_wconf 84' lang='lat' dir='ltr'>flavi</span> <span class='ocrx_word' id='word_1_57' title='bbox 756 999 961 1046; x_wconf 85' lang='lat' dir='ltr'>caerula</span> <span class='ocrx_word' id='word_1_58' title='bbox 988 998 1196 1061; x_wconf 79' lang='lat' dir='ltr'>lympha</span> <span class='ocrx_word' id='word_1_59' title='bbox 1221 999 1393 1062; x_wconf 85' lang='lat' dir='ltr'>Liger.</span> 
     </span>
     <span class='ocr_line' id='line_1_11' title="bbox 232 1088 1512 1150; baseline -0.001 -13"><span class='ocrx_word' id='word_1_60' title='bbox 232 1104 299 1137; x_wconf 85' lang='lat' dir='ltr'>an</span> <span class='ocrx_word' id='word_1_61' title='bbox 324 1096 390 1147; x_wconf 87' lang='lat' dir='ltr'>te,</span> <span class='ocrx_word' id='word_1_62' title='bbox 425 1088 618 1150; x_wconf 87' lang='lat' dir='ltr'>Cydne,</span> <span class='ocrx_word' id='word_1_63' title='bbox 652 1103 850 1146; x_wconf 86' lang='lat' dir='ltr'>canam,</span> <span class='ocrx_word' id='word_1_64' title='bbox 884 1088 1033 1135; x_wconf 84' lang='lat' dir='ltr'>tactis</span> <span class='ocrx_word' id='word_1_65' title='bbox 1061 1088 1148 1150; x_wconf 93' lang='lat' dir='ltr'>qui</span> <span class='ocrx_word' id='word_1_66' title='bbox 1176 1088 1359 1136; x_wconf 87' lang='lat' dir='ltr'>leniter</span> <span class='ocrx_word' id='word_1_67' title='bbox 1384 1088 1512 1136; x_wconf 85' lang='lat' dir='ltr'>ulvis</span> 
     </span>
     <span class='ocr_line' id='line_1_12' title="bbox 303 1175 1457 1239; baseline 0 -15"><span class='ocrx_word' id='word_1_68' title='bbox 303 1176 566 1225; x_wconf 88' lang='lat' dir='ltr'>caeruleus</span> <span class='ocrx_word' id='word_1_69' title='bbox 594 1176 806 1238; x_wconf 87' lang='lat' dir='ltr'>placidis</span> <span class='ocrx_word' id='word_1_70' title='bbox 835 1190 926 1237; x_wconf 89' lang='lat' dir='ltr'>per</span> <span class='ocrx_word' id='word_1_71' title='bbox 951 1176 1079 1223; x_wconf 85' lang='lat' dir='ltr'>vada</span> <span class='ocrx_word' id='word_1_72' title='bbox 1105 1175 1264 1238; x_wconf 79' lang='lat' dir='ltr'>serpis</span> <span class='ocrx_word' id='word_1_73' title='bbox 1292 1176 1457 1239; x_wconf 71' lang='lat' dir='ltr'>aquia,</span> 
     </span>
     <span class='ocr_line' id='line_1_13' title="bbox 131 1263 1510 1327; baseline 0 -14"><span class='ocrx_word' id='word_1_74' title='bbox 131 1272 188 1313; x_wconf 85' lang='lat'>15</span> <span class='ocrx_word' id='word_1_75' title='bbox 231 1272 452 1327; x_wconf 83' lang='lat' dir='ltr'>quantus</span> <span class='ocrx_word' id='word_1_76' title='bbox 480 1272 529 1312; x_wconf 86' lang='lat' dir='ltr'>et</span> <span class='ocrx_word' id='word_1_77' title='bbox 555 1263 780 1311; x_wconf 85' lang='lat' dir='ltr'>aetherio</span> <span class='ocrx_word' id='word_1_78' title='bbox 809 1264 1112 1325; x_wconf 88' lang='lat' dir='ltr'>contingens</span> <span class='ocrx_word' id='word_1_79' title='bbox 1138 1264 1322 1312; x_wconf 87' lang='lat' dir='ltr'>vertice</span> <span class='ocrx_word' id='word_1_80' title='bbox 1348 1266 1510 1313; x_wconf 88' lang='lat' dir='ltr'>nubes</span> 
     </span>
     <span class='ocr_line' id='line_1_14' title="bbox 302 1351 1382 1415; baseline -0.002 -14"><span class='ocrx_word' id='word_1_81' title='bbox 302 1353 513 1415; x_wconf 86' lang='lat' dir='ltr'>frigidus</span> <span class='ocrx_word' id='word_1_82' title='bbox 540 1353 774 1401; x_wconf 83' lang='lat' dir='ltr'>intonsos</span> <span class='ocrx_word' id='word_1_83' title='bbox 799 1353 1000 1400; x_wconf 87' lang='lat' dir='ltr'>Taurus</span> <span class='ocrx_word' id='word_1_84' title='bbox 1027 1353 1132 1400; x_wconf 84' lang='lat' dir='ltr'>alat</span> <span class='ocrx_word' id='word_1_85' title='bbox 1157 1351 1382 1400; x_wconf 82' lang='lat' dir='ltr'>Cilicas?</span> 
     </span>
     <span class='ocr_line' id='line_1_15' title="bbox 231 1440 1647 1505; baseline 0 -16"><span class='ocrx_word' id='word_1_86' title='bbox 231 1442 353 1505; x_wconf 88' lang='lat' dir='ltr'>quid</span> <span class='ocrx_word' id='word_1_87' title='bbox 382 1442 615 1500; x_wconf 83' lang='lat' dir='ltr'>reseram,</span> <span class='ocrx_word' id='word_1_88' title='bbox 649 1451 704 1488; x_wconf 91' lang='lat' dir='ltr'>ut</span> <span class='ocrx_word' id='word_1_89' title='bbox 728 1440 903 1489; x_wconf 81' lang='lat' dir='ltr'>volitet</span> <span class='ocrx_word' id='word_1_90' title='bbox 930 1442 1134 1488; x_wconf 83' lang='lat' dir='ltr'>crebras</span> <span class='ocrx_word' id='word_1_91' title='bbox 1159 1441 1352 1488; x_wconf 79' lang='lat' dir='ltr'>intacta</span> <span class='ocrx_word' id='word_1_92' title='bbox 1377 1455 1469 1505; x_wconf 90' lang='lat' dir='ltr'>per</span> <span class='ocrx_word' id='word_1_93' title='bbox 1493 1442 1647 1489; x_wconf 85' lang='lat' dir='ltr'>urbes</span> 
     </span>
     <span class='ocr_line' id='line_1_16' title="bbox 300 1530 1388 1592; baseline -0.001 -14"><span class='ocrx_word' id='word_1_94' title='bbox 300 1531 422 1578; x_wconf 85' lang='lat' dir='ltr'>alba</span> <span class='ocrx_word' id='word_1_95' title='bbox 448 1530 739 1578; x_wconf 82' lang='lat' dir='ltr'>Palaestino</span> <span class='ocrx_word' id='word_1_96' title='bbox 766 1538 947 1578; x_wconf 87' lang='lat' dir='ltr'>saneta</span> <span class='ocrx_word' id='word_1_97' title='bbox 973 1531 1214 1578; x_wconf 88' lang='lat' dir='ltr'>columba</span> <span class='ocrx_word' id='word_1_98' title='bbox 1242 1531 1388 1592; x_wconf 79' lang='lat' dir='ltr'>Sym,</span> 
     </span>
     <span class='ocr_line' id='line_1_17' title="bbox 228 1619 1584 1682; baseline 0.001 -17"><span class='ocrx_word' id='word_1_99' title='bbox 228 1626 387 1681; x_wconf 83' lang='lat' dir='ltr'>utque</span> <span class='ocrx_word' id='word_1_100' title='bbox 413 1619 565 1665; x_wconf 85' lang='lat' dir='ltr'>maris</span> <span class='ocrx_word' id='word_1_101' title='bbox 593 1628 791 1665; x_wconf 85' lang='lat' dir='ltr'>vastum</span> <span class='ocrx_word' id='word_1_102' title='bbox 818 1626 1112 1680; x_wconf 81' lang='lat' dir='ltr'>prospectet</span> <span class='ocrx_word' id='word_1_103' title='bbox 1137 1620 1359 1666; x_wconf 83' lang='lat' dir='ltr'>turribus</span> <span class='ocrx_word' id='word_1_104' title='bbox 1387 1633 1584 1682; x_wconf 86' lang='lat' dir='ltr'>aequor</span> 
     </span>
     <span class='ocr_line' id='line_1_18' title="bbox 126 1706 1455 1769; baseline 0.001 -16"><span class='ocrx_word' id='word_1_105' title='bbox 126 1713 187 1753; x_wconf 80' lang='lat'>20</span> <span class='ocrx_word' id='word_1_106' title='bbox 299 1706 462 1769; x_wconf 84' lang='lat' dir='ltr'>prima</span> <span class='ocrx_word' id='word_1_107' title='bbox 489 1714 649 1754; x_wconf 89' lang='lat' dir='ltr'>ratem</span> <span class='ocrx_word' id='word_1_108' title='bbox 673 1707 833 1754; x_wconf 87' lang='lat' dir='ltr'>ventis</span> <span class='ocrx_word' id='word_1_109' title='bbox 861 1708 1067 1754; x_wconf 86' lang='lat' dir='ltr'>credere</span> <span class='ocrx_word' id='word_1_110' title='bbox 1096 1706 1247 1755; x_wconf 78' lang='lat' dir='ltr'>docta</span> <span class='ocrx_word' id='word_1_111' title='bbox 1270 1707 1455 1769; x_wconf 88' lang='lat' dir='ltr'>Tyros,</span> 
     </span>
     <span class='ocr_line' id='line_1_19' title="bbox 229 1794 1431 1857; baseline 0.002 -16"><span class='ocrx_word' id='word_1_112' title='bbox 229 1795 397 1857; x_wconf 87' lang='lat' dir='ltr'>qualis</span> <span class='ocrx_word' id='word_1_113' title='bbox 425 1802 489 1854; x_wconf 85' lang='lat' dir='ltr'>et,</span> <span class='ocrx_word' id='word_1_114' title='bbox 522 1803 722 1842; x_wconf 85' lang='lat' dir='ltr'>arentes</span> <span class='ocrx_word' id='word_1_115' title='bbox 751 1811 866 1842; x_wconf 91' lang='lat' dir='ltr'>cum</span> <span class='ocrx_word' id='word_1_116' title='bbox 895 1795 1043 1843; x_wconf 83' lang='lat' dir='ltr'>findit</span> <span class='ocrx_word' id='word_1_117' title='bbox 1069 1794 1231 1844; x_wconf 82' lang='lat' dir='ltr'>Sirius</span> <span class='ocrx_word' id='word_1_118' title='bbox 1258 1811 1431 1857; x_wconf 86' lang='lat' dir='ltr'>agros,</span> 
     </span>
     <span class='ocr_line' id='line_1_20' title="bbox 299 1883 1319 1948; baseline 0.003 -19"><span class='ocrx_word' id='word_1_119' title='bbox 299 1883 479 1931; x_wconf 82' lang='lat' dir='ltr'>fertilis</span> <span class='ocrx_word' id='word_1_120' title='bbox 507 1884 698 1932; x_wconf 85' lang='lat' dir='ltr'>aestiva</span> <span class='ocrx_word' id='word_1_121' title='bbox 722 1884 868 1931; x_wconf 89' lang='lat' dir='ltr'>Nilus</span> <span class='ocrx_word' id='word_1_122' title='bbox 896 1884 1122 1931; x_wconf 85' lang='lat' dir='ltr'>abundet</span> <span class='ocrx_word' id='word_1_123' title='bbox 1147 1885 1319 1948; x_wconf 82' lang='lat' dir='ltr'>aqua?</span> 
     </span>
     <span class='ocr_line' id='line_1_21' title="bbox 226 1972 1453 2035; baseline 0.001 -15"><span class='ocrx_word' id='word_1_124' title='bbox 226 1972 340 2020; x_wconf 91' lang='lat' dir='ltr'>Nile</span> <span class='ocrx_word' id='word_1_125' title='bbox 366 1981 527 2035; x_wconf 86' lang='lat' dir='ltr'>pater,</span> <span class='ocrx_word' id='word_1_126' title='bbox 561 1988 784 2035; x_wconf 86' lang='lat' dir='ltr'>quanam</span> <span class='ocrx_word' id='word_1_127' title='bbox 810 1973 1005 2035; x_wconf 85' lang='lat' dir='ltr'>possim</span> <span class='ocrx_word' id='word_1_128' title='bbox 1029 1980 1077 2020; x_wconf 87' lang='lat' dir='ltr'>te</span> <span class='ocrx_word' id='word_1_129' title='bbox 1103 1973 1272 2021; x_wconf 85' lang='lat' dir='ltr'>dicere</span> <span class='ocrx_word' id='word_1_130' title='bbox 1297 1988 1453 2021; x_wconf 87' lang='lat' dir='ltr'>eausa</span> 
     </span>
     <span class='ocr_line' id='line_1_22' title="bbox 299 2061 1384 2124; baseline -0.002 -15"><span class='ocrx_word' id='word_1_131' title='bbox 299 2070 387 2109; x_wconf 86' lang='lat' dir='ltr'>aut</span> <span class='ocrx_word' id='word_1_132' title='bbox 413 2063 597 2124; x_wconf 90' lang='lat' dir='ltr'>quibus</span> <span class='ocrx_word' id='word_1_133' title='bbox 623 2062 675 2109; x_wconf 89' lang='lat' dir='ltr'>in</span> <span class='ocrx_word' id='word_1_134' title='bbox 702 2061 847 2109; x_wconf 88' lang='lat' dir='ltr'>terris</span> <span class='ocrx_word' id='word_1_135' title='bbox 877 2062 1167 2109; x_wconf 87' lang='lat' dir='ltr'>occuluisse</span> <span class='ocrx_word' id='word_1_136' title='bbox 1194 2061 1384 2124; x_wconf 82' lang='lat' dir='ltr'>caput?</span> 
     </span>
     <span class='ocr_line' id='line_1_23' title="bbox 125 2150 1487 2212; baseline 0.001 -16"><span class='ocrx_word' id='word_1_137' title='bbox 125 2156 186 2196; x_wconf 80' lang='lat'>25</span> <span class='ocrx_word' id='word_1_138' title='bbox 227 2156 277 2197; x_wconf 89' lang='lat' dir='ltr'>te</span> <span class='ocrx_word' id='word_1_139' title='bbox 302 2156 510 2212; x_wconf 87' lang='lat' dir='ltr'>propter</span> <span class='ocrx_word' id='word_1_140' title='bbox 536 2150 706 2197; x_wconf 87' lang='lat' dir='ltr'>nullos</span> <span class='ocrx_word' id='word_1_141' title='bbox 734 2150 885 2197; x_wconf 88' lang='lat' dir='ltr'>tellus</span> <span class='ocrx_word' id='word_1_142' title='bbox 912 2157 1001 2197; x_wconf 83' lang='lat' dir='ltr'>tua</span> <span class='ocrx_word' id='word_1_143' title='bbox 1027 2151 1255 2212; x_wconf 85' lang='lat' dir='ltr'>postulat</span> <span class='ocrx_word' id='word_1_144' title='bbox 1279 2150 1487 2209; x_wconf 86' lang='lat' dir='ltr'>imbres,</span> 
     </span>
     <span class='ocr_line' id='line_1_24' title="bbox 296 2238 1382 2301; baseline 0.002 -16"><span class='ocrx_word' id='word_1_145' title='bbox 296 2238 440 2286; x_wconf 88' lang='lat' dir='ltr'>arida</span> <span class='ocrx_word' id='word_1_146' title='bbox 466 2254 560 2286; x_wconf 90' lang='lat' dir='ltr'>nec</span> <span class='ocrx_word' id='word_1_147' title='bbox 587 2239 759 2301; x_wconf 84' lang='lat' dir='ltr'>pluvio</span> <span class='ocrx_word' id='word_1_148' title='bbox 788 2238 1047 2301; x_wconf 82' lang='lat' dir='ltr'>supplicat</span> <span class='ocrx_word' id='word_1_149' title='bbox 1072 2239 1228 2287; x_wconf 87' lang='lat' dir='ltr'>herba</span> <span class='ocrx_word' id='word_1_150' title='bbox 1256 2239 1382 2287; x_wconf 85' lang='lat' dir='ltr'>Iovi.</span> 
     </span>
     <span class='ocr_line' id='line_1_25' title="bbox 226 2316 1525 2390; baseline 0.002 -17"><span class='ocrx_word' id='word_1_151' title='bbox 226 2332 275 2373; x_wconf 91' lang='lat' dir='ltr'>te</span> <span class='ocrx_word' id='word_1_152' title='bbox 301 2327 440 2374; x_wconf 84' lang='lat' dir='ltr'>canit</span> <span class='ocrx_word' id='word_1_153' title='bbox 465 2336 619 2390; x_wconf 87' lang='lat' dir='ltr'>atque</span> <span class='ocrx_word' id='word_1_154' title='bbox 645 2343 793 2376; x_wconf 89' lang='lat' dir='ltr'>suum</span> <span class='ocrx_word' id='word_1_155' title='bbox 822 2329 981 2389; x_wconf 86' lang='lat' dir='ltr'>pubes</span> <span class='ocrx_word' id='word_1_156' title='bbox 1008 2328 1221 2376; x_wconf 84' lang='lat' dir='ltr'>miratur</span> <span class='ocrx_word' id='word_1_157' title='bbox 1248 2326 1435 2376; x_wconf 86' lang='lat' dir='ltr'>Osirim</span> <span class='ocrx_word' id='word_1_158' title='bbox 1518 2316 1525 2323; x_wconf 43' lang='lat'>⁸</span> 
     </span>
     <span class='ocr_line' id='line_1_26' title="bbox 298 2415 1552 2479; baseline 0.002 -17"><span class='ocrx_word' id='word_1_159' title='bbox 298 2415 531 2475; x_wconf 84' lang='lat' dir='ltr'>barbara,</span> <span class='ocrx_word' id='word_1_160' title='bbox 562 2415 876 2478; x_wconf 87' lang='lat' dir='ltr'>Memphiten</span> <span class='ocrx_word' id='word_1_161' title='bbox 904 2417 1151 2479; x_wconf 84' lang='lat' dir='ltr'>plangere</span> <span class='ocrx_word' id='word_1_162' title='bbox 1176 2417 1329 2465; x_wconf 82' lang='lat' dir='ltr'>docta</span> <span class='ocrx_word' id='word_1_163' title='bbox 1353 2418 1552 2466; x_wconf 87' lang='lat' dir='ltr'>bovem.</span> 
     </span>
     <span class='ocr_line' id='line_1_27' title="bbox 224 2503 1354 2567; baseline 0 -15"><span class='ocrx_word' id='word_1_164' title='bbox 224 2503 417 2567; x_wconf 86' lang='lat' dir='ltr'>primus</span> <span class='ocrx_word' id='word_1_165' title='bbox 444 2512 613 2552; x_wconf 83' lang='lat' dir='ltr'>aratra</span> <span class='ocrx_word' id='word_1_166' title='bbox 638 2520 793 2553; x_wconf 89' lang='lat' dir='ltr'>manu</span> <span class='ocrx_word' id='word_1_167' title='bbox 818 2505 1016 2553; x_wconf 87' lang='lat' dir='ltr'>sollerti</span> <span class='ocrx_word' id='word_1_168' title='bbox 1043 2505 1165 2553; x_wconf 86' lang='lat' dir='ltr'>fecit</span> <span class='ocrx_word' id='word_1_169' title='bbox 1192 2504 1354 2553; x_wconf 85' lang='lat' dir='ltr'>Osiris</span> 
     </span>
     <span class='ocr_line' id='line_1_28' title="bbox 119 2592 1337 2652; baseline 0.001 -12"><span class='ocrx_word' id='word_1_170' title='bbox 119 2599 183 2640; x_wconf 82' lang='lat'>30</span> <span class='ocrx_word' id='word_1_171' title='bbox 210 2600 213 2603; x_wconf 85' lang='lat'>&#39;</span> <span class='ocrx_word' id='word_1_172' title='bbox 296 2600 346 2641; x_wconf 85' lang='lat' dir='ltr'>et</span> <span class='ocrx_word' id='word_1_173' title='bbox 370 2602 599 2641; x_wconf 86' lang='lat' dir='ltr'>teneram</span> <span class='ocrx_word' id='word_1_174' title='bbox 624 2593 759 2641; x_wconf 88' lang='lat' dir='ltr'>ferro</span> <span class='ocrx_word' id='word_1_175' title='bbox 787 2592 1085 2641; x_wconf 84' lang='lat' dir='ltr'>sollicitavit</span> <span class='ocrx_word' id='word_1_176' title='bbox 1112 2593 1337 2652; x_wconf 89' lang='lat' dir='ltr'>humum,</span> 
     </span>
    </p>
   </div>
  </div>
 </body>
</html>
