1942 3000
666 157 905 196 ‘rumam
938 158 1115 196 namt
1139 158 1224 195 111.
1590 156 1689 206 167

270 312 462 361 indicet
487 322 545 362 ut
570 328 760 362 nomen
786 313 955 361 littera
982 315 1135 371 facta,
1168 328 1310 376 puer,

202 410 353 463 atque
377 402 508 450 inter
533 403 764 464 geminas
792 401 1072 464 pingantur
1098 417 1291 450 cornua
1318 403 1543 452 frontes:

271 491 344 539 sic
369 491 557 539 etenim
582 498 843 553 comptum
869 491 1070 539 mittere
1097 499 1300 553 oportet
1325 506 1473 554 opus.

97 588 162 629 15
201 594 292 643 per
314 595 422 640 vos,
453 588 687 628 auctores
714 580 865 628 huius
891 580 1017 627 mihi
1046 580 1302 639 carminis,
1335 596 1428 629 oro

272 667 652 731 Castaliamque
680 669 910 716 umbram
937 668 1237 730 Pieriosque
1264 669 1423 726 laeua,

198 756 270 804 ite
293 757 500 804 domum
525 758 822 819 cultumque
848 756 924 804 illi
950 756 1142 804 donate
1167 755 1417 815 libellum,
1483 749 1490 762 '

271 844 401 892 sicut
427 844 550 892 erit:
596 845 768 893 nullus
795 844 987 892 defluat
1012 844 1133 891 inde
1160 844 1320 892 color.

199 932 289 980 illa
313 932 435 979 mihi
463 933 665 991 referet,
698 933 742 980 si
770 933 931 980 nostri
958 940 1135 981 mutua
1161 941 1335 981 curast

87 1029 156 1070 20
269 1035 335 1068 an
362 1020 546 1073 minor.
578 1036 645 1069 an
671 1028 781 1068 toto
810 1029 1022 1084 pectore
1050 1021 1343 1069 deciderim.

198 1109 287 1157 sed
313 1109 533 1172 primum
557 1110 789 1157 meritam
815 1110 974 1171 longa
1003 1110 1191 1158 donate
1216 1111 1383 1158 salute

268 1205 423 1259 atque
448 1198 574 1246 haec
600 1198 856 1246 submisso
882 1198 1039 1247 dicite
1064 1200 1217 1247 verba
1243 1214 1392 1247 sono.

193 1286 339 1334 ‘haec
364 1286 456 1334 tibi
481 1287 558 1335 vir
583 1287 878 1354 quondam„
896 1302 1036 1336 nunc
1061 1288 1234 1346 frater,
1268 1295 1410 1335 casta
1434 1288 1650 1348 Neaera,

267 1373 421 1421 mittit
447 1383 499 1422 et
521 1375 745 1437 accipias
772 1388 985 1423 munera
1011 1390 1168 1437 parva
1193 1383 1357 1437 rogat,

87 1469 153 1511 25
195 1469 351 1526 teque
375 1463 480 1511 suis
506 1463 642 1511 iurat
667 1478 839 1512 caram
862 1463 1029 1525 magis
1059 1477 1170 1512 esse
1195 1463 1451 1523 medullis,

269 1551 374 1599 sive
398 1552 497 1600 sibi
522 1552 751 1600 coniunx
778 1552 885 1600 sive
909 1552 1082 1599 futura
1106 1566 1270 1599 soror.

193 1638 286 1687 sed
313 1638 482 1701 potius
512 1639 769 1689 coniunx:
813 1638 963 1686 huius
991 1653 1135 1701 spem
1163 1639 1386 1687 nominis
1414 1640 1489 1688 illi

267 1727 465 1775 auferet
491 1727 717 1775 extincto
747 1726 940 1789 pallida
964 1726 1100 1774 Ditis
1128 1728 1302 1789 aqua.³

786 1931 1103 1938 -——..——.

908 2187 977 2234 ΙΙ.

193 2361 302 2421 Qui
327 2363 520 2425 primus
549 2377 720 2410 caram
747 2361 918 2410 iuveni
947 2376 1225 2424 cammque
1252 2361 1455 2423 puellae

269 2450 459 2512 eripuit
482 2451 734 2509 iuvenem,
766 2450 959 2498 ferreus
986 2450 1076 2497 ille
1100 2450 1214 2497 fuit.

191 2539 356 2586 durus
386 2546 435 2586 et
459 2538 548 2586 ille
574 2538 689 2598 fuit,
723 2539 809 2600 qui
839 2547 1037 2586 tantum
1063 2539 1197 2587 serre
1223 2539 1473 2595 dolorem,

268 2627 434 2674 vivere
461 2634 513 2674 et
538 2635 713 2689 erepta
739 2627 960 2688 coniuge
987 2627 1074 2689 qui
1102 2627 1288 2690 potuit.
