1942 3000
274 125 381 178 240
860 129 1184 170 Paos-mern

272 288 423 335 turba
446 286 794 335 Menandreae
819 286 987 336 fuerat
1012 301 1107 336 nec
1130 287 1362 337 Thaidos
1392 286 1518 337 olim

341 381 503 435 tanta,
534 373 591 423 in
617 390 720 437 qua
743 376 967 439 populus
994 375 1120 424 lusit
1140 375 1528 436 Erichthonius,

205 471 231 512 5
272 477 386 523 nec,
420 478 553 526 quae
578 463 770 512 deletas
798 464 969 526 potuit
996 477 1293 527 conponere
1316 465 1540 525 Thebas,

343 552 547 613 Phryne
572 559 678 600 tam
703 552 880 599 multis
906 551 1047 600 facta
1072 553 1225 601 beata
1247 552 1385 601 viris.

273 641 400 706 quin
427 641 581 690 etiam
605 639 766 689 falsos
792 640 945 703 fingis
968 639 1064 688 tibi
1090 655 1246 704 saepe
1272 641 1611 705 propinqu08‚

344 730 525 778 oscula
548 743 647 778 nec
671 729 861 777 desunt
885 729 973 792 qui
1000 729 1091 778 tibi
1115 729 1229 778 iure
1253 729 1436 778 ferant.

270 831 354 866 me
376 817 618 865 iuvenum
644 817 813 880 pictae
837 817 1018 876 facies,
1047 831 1130 865 me
1156 817 1369 866 nomina
1393 817 1624 878 laedunt,

173 913 233 955 10
344 920 427 955 me
451 916 598 954 tener
620 906 674 953 in
701 904 846 953 cunis
874 913 925 953 et
951 905 1066 953 sine
1089 919 1217 953 voce
1242 919 1397 969 puer:

273 1008 355 1043 me
380 994 541 1042 laedit
563 994 606 1041 si
630 994 794 1043 multa
816 992 910 1042 tibi
936 994 1078 1041 dedit
1104 994 1285 1042 oscula
1308 1000 1491 1054 mater,

344 1097 426 1131 me
451 1097 601 1131 soror
627 1089 678 1131 et
705 1098 822 1131 cum
847 1096 983 1145 quae
1008 1082 1198 1130 dormit
1220 1068 1387 1130 amica
1411 1082 1596 1131 simul:

280 1171 455 1220 omnia
478 1185 562 1220 me
586 1171 827 1220 laedunt:
860 1170 1068 1219 timidus
1093 1185 1209 1218 sum
1234 1170 1472 1233 (ignosce
1496 1169 1713 1235 timori).

350 1267 399 1308 et
422 1260 578 1308 miser
601 1261 656 1309 in
682 1260 858 1308 tunica
882 1259 1117 1323 suspicor
1142 1273 1256 1308 esse
1278 1259 1461 1308 virum.

177 1357 238 1400 15
277 1350 359 1400 his
388 1350 529 1410 olim,
561 1358 618 1397 ut
643 1349 782 1397 fama
808 1356 901 1409 est,
932 1349 1068 1397 vitiis
1094 1348 1159 1396 ad
1183 1349 1386 1412 proelia
1409 1355 1694 1398 ventumst:

350 1438 429 1487 his
455 1439 683 1487 Troiana
708 1438 846 1487 vides
872 1437 1058 1487 funera
1083 1437 1370 1503 principiis.

277 1541 460 1591 aspera
485 1536 759 1576 centauros
786 1529 965 1576 eadem
993 1527 1254 1577 dementia
1279 1527 1431 1577 iussit

348 1615 587 1678 frangere
613 1616 668 1665 in
695 1616 963 1666 adversum
987 1618 1179 1680 pocula
1203 1616 1510 1665 Pirithoum.

278 1720 371 1755 cur
394 1706 632 1767 exempla
658 1713 829 1768 petam
856 1706 1105 1755 Graium?
1142 1714 1198 1754 tu
1223 1706 1450 1755 criminis
1477 1714 1675 1766 auctor,

175 1801 237 1843 20
349 1793 570 1841 nutritus
598 1794 772 1854 durae,
806 1793 1049 1855 Romule,
1080 1794 1213 1842 lacte
1236 1794 1409 1857 lupae.

276 1891 333 1933 tu
357 1896 538 1945 rapere
562 1883 782 1930 intactas
811 1883 1032 1931 docuisti
1057 1882 1255 1945 inpune
1281 1881 1529 1931 Sabinas:

349 1986 441 2035 per
467 1979 518 2019 te
542 1985 682 2019 nunc
707 1970 904 2020 Romae
930 1971 1183 2034 quidiibet
1207 1970 1363 2019 audet
1384 1971 1565 2020 Amor.

276 2059 404 2108 felix
426 2059 633 2108 Admeti
660 2058 890 2107 coniunx
916 2066 967 2107 et
991 2059 1153 2107 lectus
1179 2058 1368 2118 Ulixis,

349 2154 400 2196 et
425 2161 781 2209 quaecumque
805 2145 899 2194 viri
926 2146 1121 2195 femina
1147 2147 1305 2195 limen
1331 2155 1484 2195 amat.

174 2331 236 2371 25
276 2324 468 2385 templa
491 2310 775 2371 Pudicitiae
801 2322 922 2384 quid
949 2337 1082 2387 opus
1106 2324 1346 2373 statuisse
1374 2324 1578 2387 puellis,

349 2409 394 2457 si
422 2409 578 2458 cuivis
606 2416 799 2472 nuptae
827 2410 1041 2459 cuilibet
1066 2424 1177 2459 esse
1203 2411 1358 2460 licet?

280 2530 1613 2547 οοοοοοοοοοοοοοο

279 2598 413 2646 quae
435 2598 619 2631 manus
645 2583 896 2632 obscenas
923 2584 1157 2647 depinxit
1180 2586 1346 2648 prima
1377 2587 1595 2636 tabellas
