1942 3000
284 134 390 185 334
692 136 1014 175 PROPERTII
1043 136 1225 174 LIBER
1254 136 1365 173 1111.

942 396 1111 444 xxv.
1184 423 1205 454 -,

282 557 436 605 Risus
464 571 603 605 eram
626 556 807 620 positis
834 557 967 604 inter
993 556 1224 604 convivia
1247 557 1456 615 mensiS,

355 652 405 692 et
430 644 492 692 de
517 658 599 692 me
624 651 825 706 poterat
851 644 1070 706 quilibet
1095 657 1206 691 esse
1231 644 1445 705 loquax.

283 733 513 794 quinque
537 731 631 779 tibi
656 732 799 793 potui
826 731 1014 779 servire
1040 731 1256 779 fideliter
1281 746 1478 779 annos:

353 835 526 882 ungue
553 835 718 868 meam
743 835 915 868 morso
941 835 1096 883 saepe
1122 834 1335 882 querere
1362 821 1530 869 fidem.

217 918 241 957 5
282 910 356 957 nil
382 905 591 957 moveor
616 909 867 958 lacrimis:
909 909 1010 957 ista
1035 925 1149 957 sum
1174 917 1355 971 captus
1381 911 1445 958 ab
1471 918 1598 959 arte.

352 1011 552 1059 semper
577 998 642 1045 ab
668 997 884 1056 insidiis,
917 996 1154 1058 Cynthia,
1188 998 1310 1045 fiere
1334 998 1488 1046 soleS.

280 1086 414 1133 flebo
443 1099 540 1146 ego
568 1085 852 1144 discedens,
886 1085 974 1132 sed
1001 1084 1175 1133 fletum
1201 1084 1388 1132 iniuria
1411 1084 1609 1134 vincet:

354 1182 411 1222 tu
435 1175 566 1221 bene
592 1174 902 1222 conveniens
928 1188 1037 1221 non
1062 1174 1188 1220 sinis
1212 1174 1287 1221 ire
1311 1174 1507 1235 iugum.

282 1262 464 1312 limina
487 1262 589 1310 iam
613 1264 805 1311 nostris
831 1263 1038 1311 valeant
1061 1262 1384 1310 lacrimantia
1413 1262 1598 1321 verbis,

186 1361 241 1400 ιο
354 1366 451 1399 nec
475 1357 647 1400 tamen
672 1352 803 1399 irata
825 1351 984 1400 ianua
1009 1352 1173 1399 fracta
1197 1365 1372 1402 manu.

283 1446 336 1487 at
360 1447 410 1487 te
438 1439 612 1487 celatis
639 1447 779 1487 aetas
806 1439 970 1502 gravis
999 1446 1179 1502 urgeat
1204 1439 1374 1498 annis,

354 1535 405 1575 et
428 1528 600 1575 veniat
624 1527 822 1576 formae
847 1543 976 1589 ruga
1000 1527 1208 1576 sinistra
1232 1536 1368 1577 tuae.

283 1616 468 1663 vellere
497 1622 606 1662 tum
632 1615 809 1678 cupias
837 1616 986 1664 albos
1012 1630 1043 1663 a
1069 1615 1227 1678 stirpe
1254 1616 1470 1679 capillos

353 1704 420 1751 ah
444 1704 655 1766 speculo
682 1720 835 1767 rugas
861 1704 1202 1767 increpitante
1227 1704 1338 1764 tibi,

186 1799 242 1839 ¹5
284 1792 496 1839 exclusa
519 1791 677 1853 inque
700 1792 863 1840 vicem
888 1793 1050 1840 fastus
1077 1792 1273 1855 patiare
1298 1793 1567 1855 superbos,

356 1885 407 1926 et
431 1893 563 1940 quae
590 1878 758 1925 fecisti
784 1879 919 1926 facta
945 1880 1175 1941 queraris
1203 1895 1349 1929 anus,

285 1966 375 2015 has
404 1965 499 2013 tibi
526 1964 697 2013 fatalis
726 1966 912 2013 cecinit
935 1981 1051 2015 mea
1078 1968 1268 2030 pagina
1294 1968 1446 2016 diras.

357 2060 592 2102 eventum
616 2054 812 2103 formae
839 2055 978 2104 disce
1004 2056 1183 2105 timere
1205 2064 1342 2107 tuae.
