1942 3000
71 569 142 609 40

80 1010 146 1050 45

75 1452 142 1494 50

81 1895 144 1935 55

81 2338 145 2380 60

834 135 1031 174 mnu-R.
1612 133 1680 183 37

184 294 327 358 quod
353 308 470 341 cnm
494 293 565 341 ita
592 293 676 352 sit,
707 292 868 341 nolim
892 301 1088 341 statuas
1114 308 1209 342 nos
1236 301 1407 341 mente
1430 293 1658 356 maligna

260 382 313 430 id
339 381 509 430 facere
534 389 623 430 aut
648 382 820 429 animo
849 396 955 430 non
983 381 1109 429 satis
1133 382 1380 444 ing-enum

187 472 329 534 quod
353 470 447 518 tibi
477 484 584 517 non
610 470 877 532 utriusque
902 471 1095 532 petenti
1122 470 1270 532 copia
1296 470 1509 519 factast:

260 560 394 607 ultro
423 573 519 621 ego
547 558 812 617 deferrem,
847 558 997 621 copia
1022 558 1171 620 siqua
1196 558 1345 606 foret.

187 663 296 696 non
323 663 533 710 possum
560 647 787 706 reticere,
821 647 963 705 deae,
995 661 1099 710 qua
1123 660 1205 695 me
1229 647 1399 694 Allius
1426 646 1480 694 in
1508 659 1563 694 re

261 736 444 784 iuverit
467 744 556 784 aut
580 735 787 798 quantis
812 735 996 783 iuverit
1020 734 1233 783 officiisz

187 839 285 873 nec
311 824 514 886 fugiens
541 823 721 872 saeclis
752 823 1171 871 obliviscentibus
1199 831 1340 871 aetas

261 913 400 961 illius
427 912 526 960 hoc
555 926 707 960 caeca
736 920 886 959 nocte
911 919 1052 974 tegat
1075 912 1324 960 studium:

189 1002 281 1050 sed
308 1001 477 1050 dicam
502 1000 663 1059 vobim
695 1015 786 1049 vos
812 1015 966 1063 porro
994 1000 1149 1048 dicite
1173 1000 1345 1049 multis

258 1090 465 1137 milibus
494 1097 544 1139 et
567 1088 719 1138 facite
743 1089 870 1137 haec
896 1089 1072 1136 charta
1099 1089 1343 1150 loquatur
1367 1102 1495 1136 anus

260 1273 596 1328 notescatque
621 1265 786 1328 magis
812 1273 1046 1313 mortuus
1074 1273 1227 1326 atque
1251 1264 1432 1327 magis,

187 1369 286 1404 nec
311 1362 514 1403 tenuem
539 1361 717 1402 texens
745 1353 979 1402 sublimis
1006 1367 1198 1401 aranea
1224 1353 1378 1401 telam

257 1443 312 1491 in
338 1443 537 1491 deserto
562 1441 670 1490 Alli
697 1442 904 1490 nomine
931 1455 1061 1505 opus
1088 1441 1262 1490 faciat.

185 1547 309 1581 nam
332 1532 455 1581 mihi
483 1546 638 1594 quam
662 1531 857 1579 dederit
880 1531 1074 1593 duplex
1096 1529 1403 1578 Amathusia
1428 1543 1603 1578 curam

261 1621 417 1679 scitis,
450 1628 499 1668 et
522 1620 578 1667 in
605 1634 709 1682 quo
734 1633 816 1667 me
846 1620 1098 1667 corruerit
1120 1632 1323 1681 genere,

186 1725 307 1758 cum
332 1716 531 1758 tantum
555 1707 787 1756 arderem
813 1716 1065 1770 quantum
1088 1707 1354 1755 Trinacria
1379 1720 1532 1768 rupes

258 1798 570 1860 lymphaque
596 1796 651 1844 in
680 1794 886 1845 Oetaeis
912 1796 1075 1844 Malia
1099 1794 1476 1857 Thermopylis,

184 1896 382 1935 maesta
406 1898 576 1948 neque
600 1885 814 1934 adsiduo
841 1886 1104 1933 tabescere
1130 1883 1324 1932 lumina
1349 1883 1470 1931 fletu

260 1981 520 2023 cessarent
544 1973 782 2036 tristique
805 1973 967 2022 imbre
991 1972 1195 2021 madere
1222 1985 1402 2034 genae,

186 2063 356 2126 qualis
382 2062 436 2110 in
466 2061 590 2110 aerii
617 2062 888 2125 perlucens
914 2061 1103 2110 vertice
1127 2060 1316 2108 montis

259 2151 396 2200 rivus
422 2164 662 2199 muscoso
689 2150 891 2213 prosilit
916 2164 943 2198 e
969 2149 1160 2211 lapide,

188 2240 279 2303 qui
305 2254 421 2288 cum
445 2239 508 2286 do
534 2253 698 2301 prona
723 2253 966 2302 praeceps
995 2246 1073 2286 est
1098 2236 1230 2284 valle
1256 2236 1477 2294 volutus,

259 2342 350 2392 per
372 2326 595 2376 medium
618 2327 808 2376 sensim
832 2326 1018 2375 transit
1040 2326 1137 2373 iter
1161 2324 1362 2388 populi,

188 2418 339 2465 dulce
364 2415 546 2464 viatori
573 2415 711 2464 lasso
737 2415 790 2463 in
817 2414 1006 2463 sudore
1030 2414 1280 2473 levamen,

260 2519 377 2553 cum
402 2504 572 2567 gravis
599 2511 808 2553 exustos
834 2508 1004 2551 aestus
1033 2502 1227 2550 hiulcat
1251 2515 1424 2564 agros.

186 2594 289 2652 hic,
319 2594 458 2641 velut
482 2592 537 2642 in
565 2593 714 2656 nigro
741 2590 941 2640 iactatis
967 2590 1174 2638 turbine
1198 2588 1365 2637 nautis
