1942 3000
233 136 340 188 212
819 142 1143 181 PROPERTII

764 474 804 519 7
892 474 1062 523 VIIII.

230 648 482 697 Dicebam
507 648 599 697 tibi
626 656 883 708 venturos,
915 650 1122 711 inrisor,
1153 666 1371 711 amores,

301 752 398 787 nec
423 738 516 786 tibi
541 746 789 802 perpetuo
815 739 979 787 libera
1003 741 1156 790 verba
1181 741 1318 791 fore:

229 841 348 875 ecce
374 826 511 875 iaces
538 826 860 889 supplexque
887 828 1027 875 venis
1054 828 1119 876 ad
1142 828 1259 877 iura
1285 830 1507 892 puellae,

302 923 352 963 et
376 915 468 964 tibi
494 930 633 964 nunc
660 915 840 978 quovis
867 916 1086 978 imperat
1110 926 1283 979 empta
1307 918 1481 966 modo.

160 1013 186 1051 5
229 1019 334 1051 non
361 1018 442 1051 me
468 1002 734 1052 Chaoniae
756 1004 965 1052 vincant
987 1005 1043 1052 in
1069 1007 1244 1053 amore
1270 1006 1541 1055 columbae

300 1092 469 1141 dicere
495 1107 626 1156 quos
651 1093 861 1141 iuvenae
889 1108 1126 1156 quaeque
1150 1096 1323 1157 puella
1350 1097 1541 1144 domet.

226 1193 307 1227 me
333 1180 486 1228 dolor
512 1188 561 1229 et
584 1180 827 1229 lacrimae
852 1181 1034 1229 merito
1062 1182 1230 1231 fecere
1255 1184 1505 1245 peritum:

298 1274 455 1328 atque
481 1268 676 1315 utinam
700 1269 870 1331 posito
897 1268 1040 1318 dicar
1065 1284 1239 1318 amore
1265 1271 1433 1320 rudis!

227 1354 351 1418 quid
375 1355 469 1403 tibi
496 1369 635 1404 nunc
659 1356 848 1405 misero
874 1358 1085 1419 prodest
1108 1373 1260 1421 grave
1287 1360 1454 1409 dicere
1481 1369 1688 1411 carmen

123 1452 182 1493 10
296 1451 384 1492 aut
407 1445 755 1509 Amphioniae
781 1447 986 1494 moenia
1012 1447 1133 1495 flere
1159 1447 1331 1509 lyrae?

224 1534 340 1598 plus
367 1535 422 1582 in
447 1549 622 1583 amore
649 1536 783 1584 valet
806 1536 1101 1585 Mimnermi
1128 1551 1302 1586 versus
1330 1538 1583 1589 Homero:

295 1622 522 1670 carmina
546 1631 844 1671 mansuetus
869 1623 1008 1671 lenia
1034 1624 1232 1687 quaerit
1255 1626 1436 1674 Amor.

223 1710 240 1756 i
268 1725 461 1772 quaeso
491 1719 541 1760 et
565 1712 723 1759 tristis
750 1712 878 1759 istos
907 1726 1147 1774 conpone
1172 1713 1393 1773 libellos,

294 1807 344 1848 et
370 1813 498 1847 cane
524 1800 661 1862 quod
688 1800 897 1861 quaevis
922 1815 1078 1848 nosse
1103 1801 1274 1863 puella
1302 1803 1439 1851 velit.

121 1896 179 1935 15
223 1888 346 1951 quid
372 1888 415 1935 si
441 1902 546 1936 non
574 1896 708 1936 esset
732 1888 899 1936 facilis
924 1889 1019 1937 tibi
1046 1890 1231 1952 copia?
1269 1907 1408 1940 nunc
1433 1901 1489 1941 tu

289 1977 504 2025 insanus
531 1976 697 2024 medio
724 1977 934 2026 flumine
960 1979 1161 2039 quaeris
1188 1994 1393 2042 aquam.

220 2064 440 2113 necdum
465 2064 618 2112 etiam
644 2065 826 2126 paneri,
858 2079 976 2112 vero
1003 2080 1100 2114 nec
1125 2067 1349 2128 tangeris
1373 2068 1505 2129 igni:

291 2153 419 2201 hacc
447 2159 523 2200 est
547 2153 746 2200 venturi
772 2154 938 2215 prima
961 2153 1139 2202 favilla
1164 2155 1303 2204 mali.

217 2249 327 2289 tum
350 2241 513 2304 magis
542 2241 809 2290 Armenias
837 2243 1012 2305 cupies
1039 2244 1283 2292 accedere
1307 2245 1462 2307 tigres

114 2337 176 2378 20
290 2337 341 2376 et
364 2330 529 2391 magis
554 2329 789 2378 infernae
813 2332 1020 2379 vincula
1044 2347 1198 2380 nosse
1224 2341 1383 2393 rotae,

216 2432 373 2481 quam
398 2418 542 2481 pueri
569 2419 756 2466 totiens
785 2434 959 2467 arcum
989 2421 1177 2469 sentirc
1201 2422 1436 2470 medullis

287 2513 337 2554 et
362 2506 490 2554 nihil
516 2506 676 2555 iratae
703 2521 856 2569 posse
881 2522 1070 2569 negare
1096 2516 1230 2558 tuae.

215 2594 388 2642 nullus
415 2596 580 2642 Amor
607 2595 846 2658 cuiquam
874 2595 1041 2643 facilis
1066 2597 1139 2644 ita
1167 2600 1402 2660 praebuit
1427 2600 1555 2660 alas,
