1942 3000
142 973 199 1012 10

116 2660 185 2700 10

892 187 1087 225 LIBER.

244 350 328 390 aut
352 354 478 413 suni
499 352 588 392 aut
612 345 728 392 aliis
757 352 907 392 erunt
932 344 987 391 in
1013 345 1183 404 annia,

242 431 506 495 paedicare
532 433 678 496 cupis
703 447 846 481 meos
882 446 1098 481 amores.

242 534 333 568 nec
361 521 520 569 clam:
563 536 684 568 nam
709 521 861 569 simul
889 535 960 580 ee,
1001 520 1188 569 iocaris
1213 536 1337 580 una,

240 609 414 657 haeres
441 609 503 656 ad
531 610 682 669 latus),
716 610 891 658 omnia
916 610 1183 673 experiris·

240 698 454 746 frustra:
497 712 618 746 nam
641 698 852 746 insidias
879 699 1002 746 mihi
1028 699 1370 748 instruentem

241 797 446 850 tangam
471 794 521 835 te
548 788 688 850 prior
713 788 1077 836 inrumatione.

239 884 392 938 atque
417 875 469 923 id
496 875 539 923 si
564 875 758 924 faceres
787 884 944 935 satur,
978 884 1231 924 tacerem:

239 978 378 1012 nunc
401 964 570 1027 ipsum
594 964 645 1010 id
672 964 824 1012 doleo
853 965 991 1026 quod
1020 965 1259 1023 essurire,

239 1053 304 1100 ah
328 1067 410 1100 me
435 1067 533 1111 me,
567 1067 695 1115 puer
721 1060 772 1101 et
796 1053 936 1101 sitire
962 1054 1140 1102 discet.

240 1156 400 1204 quare
427 1142 621 1201 desine,
655 1141 778 1189 dum
802 1142 926 1191 licet
949 1142 1160 1206 pudice,

244 1244 310 1278 ne
334 1231 488 1278 finem
510 1229 689 1289 faciae,
723 1230 811 1278 sed
837 1231 1143 1278 inrumatuS.

903 1674 1073 1722 XXII.

244 1850 486 1900 Suffenus
513 1852 626 1911 iste,
659 1852 811 1910 Vare‚
845 1866 997 1914 quern
1024 1853 1184 1914 probe
1213 1851 1367 1910 nosti,

240 1941 401 1988 homo
429 1948 504 1988 est
527 1950 768 1988 venustus
796 1949 847 1989 et
870 1940 1020 1988 dicax
1047 1949 1096 1988 et
1120 1941 1366 1999 urbanae,

239 2028 484 2091 idemque
507 2030 664 2092 longe
691 2028 937 2091 plurimos
964 2029 1086 2077 facit
1112 2043 1304 2077 versus.

239 2125 372 2181 puto
401 2132 512 2166 esse
539 2132 635 2180 ego
662 2117 740 2165 illi
765 2118 908 2166 milia
931 2126 1020 2166 aut
1045 2119 1222 2166 decem
1247 2125 1336 2165 aut-
1363 2118 1514 2179 plura

237 2208 543 2270 perscripta,
577 2223 672 2255 nec
699 2208 772 2255 sic
798 2216 855 2256 ut
879 2209 935 2256 fit
960 2208 1015 2256 in
1040 2208 1412 2271 palimpseston

236 2296 433 2343 relata:
480 2295 684 2343 chartae
710 2295 900 2356 regiae,
934 2296 1056 2343 novi
1084 2295 1219 2353 libri,

237 2384 367 2432 novi
396 2383 641 2442 umbilici,
674 2384 787 2430 lora
812 2384 983 2443 rubra,
1017 2383 1316 2431 membrana

236 2472 437 2520 directa
462 2472 692 2534 plumb0,
726 2480 775 2520 et
799 2472 1002 2534 pumice
1030 2470 1202 2519 omnia
1228 2476 1465 2532 aequata.

234 2563 370 2610 haec
397 2577 513 2610 cum
537 2561 678 2624 legas
707 2569 779 2620 tu,
813 2562 978 2610 bellus
1003 2561 1092 2608 ille
1119 2566 1168 2607 et
1192 2560 1420 2607 urbanus

235 2651 486 2701 Suffenus
511 2664 645 2698 unus
674 2649 1020 2712 caprimulgus
1047 2657 1136 2712 aut
1161 2647 1333 2696 fossor

1362 2753 1423 2798 2.

1669 185 1740 236 19
