1942 3000
245 156 350 208 160
869 160 1113 199 'mmmm

313 315 535 376 moenia,
569 316 796 364 consorti
821 330 929 364 non
962 317 1446 376 habitanda·Rem0,

136 412 199 453 25
241 404 331 454 sed
358 413 465 452 tum
490 405 771 466 pascebant
794 405 1014 453 herbosa
1039 405 1238 453 Palatia
1263 419 1448 453 vaccae

315 501 364 541 et
389 494 597 541 stabant
622 493 839 542 humiles
865 493 918 540 in
944 493 1082 541 Iovis
1111 508 1229 542 aree
1256 508 1421 542 casae.

241 583 375 631 laete
399 581 610 630 madens
635 581 741 629 illic
767 583 977 630 suberat
1001 582 1109 629 Pan
1134 582 1267 629 ilicis
1294 584 1504 631 umbrae

312 677 361 718 et
385 669 523 718 faeta
546 670 736 733 agresti
762 670 936 733 lignea
962 670 1096 720 falce
1120 670 1290 730 Pale8‚

241 758 599 821 pendebatque
623 758 738 821 vagi
765 759 985 821 pastoris
1011 758 1065 806 in
1090 760 1275 806 arbore
1302 766 1493 818 votum,

136 855 200 896 30
312 846 519 909 garrula
542 847 759 895 silvestri
787 847 957 895 fistula
982 860 1130 894 saera
1154 846 1269 906 deO,

242 934 430 993 fistula,
463 934 547 983 eui
571 948 772 997 semper
797 934 1050 982 decrescit
1073 933 1341 981 arundinis
1368 934 1526 982 ordo:

314 1037 434 1071 nam
460 1024 686 1071 calamus
713 1037 830 1071 cera
855 1022 1086 1085 iungitur
1114 1037 1277 1084 usque
1302 1023 1488 1072 minor.

239 1119 293 1161 at
317 1128 421 1175 qua
444 1112 654 1160 Velabri
680 1112 821 1174 regio
848 1119 1006 1174 patet,
1036 1111 1114 1159 ire
1133 1113 1336 1160 solebat

312 1201 529 1263 exiguus
556 1201 707 1263 pulsa
731 1213 823 1263 per
847 1200 974 1248 vada
1000 1200 1154 1248 linter
1186 1215 1339 1262 aqua.

136 1296 199 1338 35
239 1289 331 1338 illa
356 1304 509 1352 saepe
534 1289 705 1352 gregis
733 1288 821 1336 diti
849 1288 1103 1352 placitura
1127 1289 1372 1352 magistro

310 1378 375 1425 ad
402 1377 638 1426 iuvenem
663 1378 796 1426 festa
821 1385 901 1426 est
926 1385 1072 1425 vecta
1096 1378 1269 1440 puella
1294 1379 1395 1438 die,

240 1481 357 1515 eum
383 1481 485 1529 qua
510 1466 719 1515 fecundi
744 1466 1005 1515 redierunt
1027 1481 1240 1516 munera
1265 1468 1413 1528 ruris,

310 1569 487 1603 caseus
513 1563 563 1602 et
587 1554 766 1603 niveae
791 1555 1038 1603 candidus
1064 1569 1229 1618 agnus
1256 1555 1413 1617 ovis.)

236 1644 457 1706 ‘inpiger
479 1644 677 1701 Aenea,
708 1642 970 1691 volitantis
999 1643 1157 1690 frater
1179 1643 1404 1703 Amori8‚

133 1742 197 1782 40
309 1732 497 1781 Troica
522 1732 611 1795 qui
637 1733 872 1794 profugis
898 1746 1049 1780 saera
1073 1731 1211 1779 vehis
1241 1731 1449 1792 ratibus,

237 1820 341 1869 iam
368 1819 461 1868 tibi
487 1819 772 1867 Laurentes
798 1819 1037 1882 adsignat
1059 1819 1290 1881 Iuppiter
1312 1834 1485 1881 agrOS‚

307 1910 407 1958 iar'n
432 1915 580 1957 vocat
604 1918 831 1956 errantes
857 1908 1060 1970 hospita
1085 1915 1218 1955 terra
1243 1907 1394 1956 lares·

234 1999 344 2047 illie
368 2006 576 2047 sanctus
605 1998 720 2056 erle,
754 2012 871 2044 cum
897 2004 946 2044 te
971 1997 1260 2044 veneranda
1285 1997 1485 2046 Numici

310 2088 445 2136 unda
472 2088 623 2135 deum
649 2086 792 2136 caelo
819 2084 1016 2133 miserit
1037 2084 1334 2147 indigetem.

131 2185 194 2226 45
237 2191 356 2226 ecce
381 2190 536 2239 super
561 2175 722 2225 fessas
749 2174 926 2223 volitat
954 2173 1181 2223 Victon'a
1213 2190 1442 2239 puppes3

307 2265 511 2314 tandem
535 2265 599 2312 ad
625 2264 881 2312 Troianos
909 2262 1024 2310 diva
1050 2264 1271 2325 superba
1296 2265 1451 2312 venit.

235 2368 355 2403 eece
379 2353 501 2401 mihi
529 2354 703 2402 lucent
726 2351 929 2399 Rutulis
954 2351 1195 2399 incendia
1222 2353 1427 2401 castris:

303 2442 406 2490 iam
431 2441 521 2490 tibi
548 2442 806 2505 praedieO,
839 2441 1053 2489 barbare
1078 2440 1270 2500 Turne,
1301 2455 1494 2490 necem.

234 2538 353 2579 ante
379 2531 558 2579 oculos
585 2530 818 2578 Laurens
846 2538 1069 2578 castrum
1092 2543 1371 2592 murusque
1397 2530 1626 2581 Lavinist

131 2629 192 2668 50
303 2620 544 2681 Albaque
568 2620 632 2667 ab
658 2618 887 2667 Ascanio
914 2617 1126 2666 condita
1150 2618 1308 2680 longa
1333 2618 1477 2668 duee.
