1942 3000
803 169 987 209 LIBER
1007 169 1055 207 .1.

890 432 961 482 Π.

178 592 318 654 Quid
342 594 483 654 iuvat
507 600 689 670 ornato
716 592 1011 655 procedere,
1041 592 1162 650 vita,
1193 591 1384 655 capillo

253 690 302 729 et
323 677 504 730 'tenues
533 679 650 730 Coa*
667 688 807 730 veste
830 695 1039 729 movere
1052 680 1223 740 sinus5

178 779 270 819 aut
295 771 417 833 quid
447 753 678 820 Orontea
705 769 871 818 crines
901 768 1208 831 perfimdere
1231 784 1423 828 murra,

229 869 412 921 .teque
433 859 716 921 peregnipis
743 858 963 922 vendere
988 858 1308 919 muneribus,

110 958 135 997 5
178 945 497 1010 naturaeque
521 947 675 996 decus
701 954 930 996 mercato
954 947 1173 1009 perdere
1192 947 1352 1006 cultu,

252 1047 349 1086 nec
375 1015 545 1083 {inere
567 1035 621 1082 in
648 1034 868 1098 propriis
894 1036 1125 1086 membra
1150 1035 1314 1084 nitere
1340 1036 1528 1084 bonis?

97 1103 106 1110 ⁸
153 1121 328 1186 ,crede
353 1124 494 1182 mihi,
526 1139 632 1171 non
659 1124 767 1172 ulla
792 1132 961 1173 tuaest
985 1124 1241 1173 medicina
1267 1126 1484 1186 figurae:

252 1213 421 1261 nudus
446 1214 611 1261 Amor
634 1213 831 1261 formae
856 1229 963 1261 non
990 1220 1128 1261 amat
1153 1213 1418 1261 artificem.

178 1302 405 1370 adspice,
438 1317 541 1364 quo
570 1302 836 1350 submittat
860 1302 1044 1365 humus
1071 1300 1300 1348 formosa
1329 1301 1526 1350 colores

78 1399 135 1439 10
251 1398 314 1448 et.
327 1390 534 1438 veniant
557 1390 775 1446 hederae
802 1397 987 1452 sponte
1013 1405 1107 1437 sua
1131 1389 1335 1448 melius,

179 1489 358 1543 surgat
383 1486 433 1528 et
457 1479 512 1527 in
536 1479 664 1528 solis
689 1478 967 1528 formosius
990 1480 1203 1527 arbutus
1230 1478 1410 1538 antris,

247 1558 302 1616 ‘et
327 1556 455 1618 sciat
478 1568 727 1617 indociles
755 1581 960 1619 currere
981 1568 1190 1631 lympha
1214 1568 1340 1616 vias.

177 1659 331 1707 litora
355 1657 542 1706 nativis
570 1657 849 1706 conlucent
872 1655 1014 1718 picta
1038 1656 1249 1718 lapillis,

250 1755 300 1794 et
324 1748 556 1799 volucres
583 1745 732 1794 nulla
753 1746 952 1795 dulcius
979 1753 1090 1793 arte
1116 1752 1326 1793 canunt.

76 1845 135 1884 15
177 1850 284 1884 non
313 1836 386 1884 sic
411 1835 692 1897 Leucippis
719 1835 987 1883 succendit
1011 1834 1227 1883 Castora
1253 1834 1477 1893 Phoebe,

23 1906 30 1913 ’
248 1924 514 1972 Pollucem
542 1924 686 1971 cultu
709 1938 818 1971 non
843 1923 1045 1972 Hilaira
1068 1937 1234 1982 soror,

176 2027 283 2060 non
308 2012 431 2079 Idae
457 2020 506 2060 et
532 2012 721 2074 cupido
745 2013 1011 2074 quondam
1041 2012 1298 2061 discordia
1321 2011 1534 2060 Phoebo

247 2100 412 2149 Eueni
438 2101 614 2162 patriis
640 2100 747 2148 filia
773 2101 1029 2158 litoribuS‚

5 2170 18 2193 ⁸
175 2202 271 2237 nec
295 2188 575 2251 Phrygium
600 2188 733 2237 falso
759 2189 920 2236 traxit
945 2190 1168 2237 candore
1194 2189 1434 2236 maritum

75 2286 135 2326 20
246 2285 422 2331 avecta
448 2277 676 2325 externis
701 2277 1050 2340 Hippodamia
1075 2278 1227 2326 rotis:

5 2370 21 2399 ⁸
176 2366 264 2413 sed
289 2365 450 2414 facies
473 2366 653 2414 aderat
676 2366 835 2414 nullis
862 2366 1091 2413 obnoxia
1116 2366 1347 2428 gemme,

246 2455 411 2517 qualis
437 2455 668 2517 Apelleis
695 2461 774 2502 est
800 2454 943 2502 color
965 2454 1025 2502 in
1049 2454 1257 2502 tabulis.

173 2558 279 2592 non
302 2543 406 2591 illis
434 2543 658 2590 studium
685 2543 841 2605 vulgo
869 2543 1176 2605 conquirere
1199 2550 1460 2591 amantes:

242 2630 544 2697 illis‘ampla
568 2633 689 2681 satis
716 2632 883 2680 forma
908 2631 1169 2694 pudicitia.

567 2770 588 2807 ⁸.
