1942 3000
66 683 130 723 -10

69 1126 128 1167 15

762 165 939 202 LIBER
970 164 1061 202 111.

241 329 296 369 ut
321 321 491 383 liquor
515 321 678 369 arenti
704 322 851 369 fallat
876 322 941 369 ab
967 335 1058 369 ore
1082 321 1235 381 sitim,

173 410 249 457 vel
275 416 330 456 tu
357 409 621 472 Sisyphios
651 409 772 458 licet
795 409 1044 458 admirere
1071 410 1292 469 labores,

241 498 450 547 difficile
476 507 533 547 ut
558 506 667 547 toto
693 507 869 547 monte
894 499 1092 547 volutet
1118 513 1280 547 onus:

173 577 344 634 durius
371 587 426 634 iu
450 587 597 635 terris
625 587 754 634 nihil
780 595 858 635 est
882 587 1022 649 quod
1048 587 1183 634 vivat
1208 594 1430 646 amante,

240 690 353 734 nec,
385 674 538 722 modo
566 674 608 722 si
636 675 825 736 sapias,
858 674 998 736 quod
1025 674 1194 721 minus
1222 688 1334 722 esse
1358 673 1504 721 velis.

172 777 322 826 quem
345 755 499 810 modo
527 763 730 811 felicem
752 762 944 809 invidia
967 762 1252 809 admirante
1277 762 1484 810 fereban
1493 771 1530 821 t,

240 867 377 900 nunc
403 852 599 900 decimo
626 850 867 899 admittor
890 851 977 898 vix
1003 865 1099 913 ego
1128 864 1337 912 quoque
1363 850 1464 898 die.

170 955 306 988 nunc
331 940 499 989 iacere
524 954 551 988 e
577 940 705 988 duro
732 954 919 1002 corpus
945 940 1102 999 iuvat,
1134 938 1293 1002 inpia,
1323 952 1472 997 sax0,

238 1043 439 1078 sumere
465 1036 515 1077 et
538 1029 591 1077 in
619 1037 821 1077 nostras
847 1029 967 1077 trita
993 1042 1192 1077 venena
1215 1033 1419 1075 manus.

170 1132 266 1166 nec
292 1118 412 1165 licet
433 1117 488 1165 in
514 1117 672 1165 triviis
698 1118 838 1166 sicca
863 1118 1183 1180 requiescere
1208 1117 1350 1176 luna,

241 1199 330 1253 aut
357 1219 447 1269 per
471 1206 686 1253 rimosas
711 1205 911 1253 mittere
937 1205 1093 1253 verba
1115 1204 1272 1252 fores.

172 1295 310 1357 quod
336 1293 567 1356 quamvis
593 1294 663 1341 ita
689 1292 771 1354 sit,
806 1293 1069 1340 dominam
1092 1299 1291 1340 mutare
1318 1292 1524 1339 cavebo.

240 1391 351 1431 tum
375 1382 516 1432 flebit
549 1397 665 1430 cum
688 1381 743 1429 in
768 1396 851 1430 me
877 1381 1095 1429 senserit
1120 1394 1230 1428 esse
1257 1379 1425 1427 fidem.

819 1752 1015 1802 XVIII.

933 1824 959 1842 f

170 1914 434 1963 Adsiduae
459 1914 631 1962 multis
659 1913 834 1961 odium
859 1927 1103 1976 peperere
1129 1910 1415 1975 querellae:

244 2003 497 2066 frangitur
522 2002 575 2049 in
603 2003 759 2051 tacito
786 2001 978 2049 femina
1001 2015 1158 2063 saepe
1182 2001 1306 2048 viro,

171 2092 340 2155 siquid
366 2091 550 2152 vidisti,
584 2104 784 2153 semper
808 2090 995 2138 vidisse
1021 2096 1238 2152 negato:

244 2188 335 2229 aut
359 2180 529 2244 siquid
557 2179 722 2227 doluit
747 2179 897 2238 forte,
930 2178 1107 2226 dolere
1134 2190 1286 2238 nega.

171 2268 297 2332 quid
322 2269 366 2317 si
392 2269 495 2317 iam
522 2268 664 2317 canis
692 2273 833 2315 aetas
859 2281 972 2314 mea
999 2265 1216 2313 candeat
1239 2262 1409 2320 annis,

247 2364 298 2406 et
322 2357 480 2406 faciat
504 2357 687 2406 scissas
714 2354 961 2417 languida
987 2368 1115 2415 ruga
1141 2350 1338 2415 genas?

173 2453 227 2494 at
253 2460 359 2494 non
384 2444 595 2493 Tithoni
622 2456 869 2506 spernens
896 2442 1105 2489 Aurora
1129 2444 1386 2487 senectam

247 2535 503 2584 desertum
530 2548 627 2582 eoa
650 2547 806 2596 passa
825 2531 995 2579 iacere
1021 2531 1239 2577 demost.

172 2625 323 2673 illum
349 2638 503 2687 saepe
530 2623 633 2671 suis
662 2621 912 2670 decedens
937 2619 1065 2667 fovit
1087 2618 1139 2665 in
1167 2616 1324 2676 ulniS,

1259 2723 1349 2771 17·

1557 161 1662 212 259
1672 201 1677 206 ,
