1942 3000
137 1374 198 1415 10

138 1820 197 1860 15

131 2261 194 2302 20

249 139 320 190 40
866 148 1125 188 cxi-mm
1182 191 1189 196 ,

963 411 1025 460 L.

244 565 516 627 HesternO,
547 568 735 629 Licini,
770 570 850 618 die
877 571 1031 620 otiosi

244 656 461 705 multum
487 657 701 706 lusimus
731 658 785 706 in
811 660 936 707 meis
963 661 1187 720 tabellis,

245 751 303 793 ut
327 754 635 793 convenerat
661 760 772 795 esse
798 748 1063 797 delicatos.

243 833 469 881 scribens
497 834 771 883 versiculos
800 844 1016 899 uterque
1042 846 1276 887 nostrum

242 921 450 969 ludebat
474 937 687 971 numero
713 924 865 972 modo
893 925 993 974 hoc
1019 927 1173 975 modo
1198 927 1341 987 illoc,

242 1010 458 1060 reddens
485 1019 663 1060 mutua
687 1027 779 1075 per
802 1014 974 1062 iocum
1000 1023 1154 1078 atque
1181 1017 1376 1065 vinum.

240 1107 396 1162 atque
420 1099 568 1148 illinc
593 1100 695 1149 abii
722 1108 811 1149 tuo
837 1102 1016 1165 lepore

238 1188 501 1248 incensus,
531 1188 717 1248 Licini,
750 1189 1074 1253 facetiisque,

241 1285 297 1325 ut
323 1291 417 1326 nec
442 1291 525 1325 me
549 1276 791 1326 miserum
818 1278 963 1327 cibus
990 1279 1204 1342 iuvaret,

239 1380 334 1415 nec
361 1381 569 1414 somnus
596 1374 795 1429 tegeret
817 1367 989 1429 quiete
1014 1369 1229 1431 ocellos,

239 1455 327 1504 sed
356 1463 461 1505 toto
488 1455 764 1505 indomitus
790 1456 964 1506 furore
990 1457 1123 1507 lecto

238 1560 467 1595 versarer
493 1546 704 1609 cupiens
730 1545 898 1594 videre
924 1548 1113 1608 lucem,

239 1641 295 1682 ut
319 1642 488 1683 tecum
511 1635 768 1698 loquerer,
802 1637 1059 1700 simulque
1084 1645 1141 1685 ut
1165 1652 1350 1687 essem.

237 1731 291 1772 at
316 1722 516 1772 defessa
542 1725 720 1773 labore
742 1727 971 1774 membra
996 1735 1271 1789 postquam

237 1812 568 1861 semimortua
590 1811 778 1860 lectulo
804 1813 1061 1873 iacebant,

237 1900 353 1959 hoc,
384 1899 625 1960 iucunde,
657 1901 748 1950 tibi
776 1915 962 1964 poema
987 1902 1105 1964 feci,

238 2002 303 2036 ex
329 2002 432 2050 quo
459 1988 775 2051 perspiceres
802 2004 973 2039 meum
1000 1991 1247 2041 dolorem.

236 2057 374 2125 nunc
399 2075 569 2124 audax
594 2091 715 2126 cave
740 2077 827 2136 εἰς,
860 2092 1142 2142 precesque
1166 2088 1389 2141 nostras,

235 2180 457 2225 oramus,
491 2179 612 2214 cave
636 2165 874 2229 despuas,
907 2168 1089 2228 ocelle,

234 2267 300 2302 ne
325 2269 518 2317 poenas
543 2254 776 2304 Nemesis
803 2265 1041 2318 reposcat
1065 2272 1096 2304 a
1122 2265 1189 2307 te.

235 2350 310 2391 est
335 2358 537 2392 vemens
563 2343 686 2393 dea:
729 2344 932 2392 laedere
959 2344 1095 2394 hanc
1121 2355 1316 2397 caveto.

820 2549 857 2555 —
867 2549 1132 2558 ὴ..--
