1942 3000
306 157 408 207 142
926 157 1169 196 nnuma

302 317 598 365 muneribus
625 329 768 363 meus
795 323 872 363 est
895 326 1074 377 eaptus
1102 328 1244 377 puer.
1322 321 1374 360 at
1398 313 1523 361 deus
1549 313 1641 360 illa

374 405 429 452 in
457 405 679 452 cinerem
705 412 754 451 et
779 403 1001 466 liquidas
1023 417 1235 450 munera
1258 409 1419 449 vertat
1441 416 1623 464 aquas.

303 494 403 541 iam
429 493 552 540 mihi
579 492 834 555 persolvet
857 506 1068 554 poenaS,
1100 491 1370 554 pulvisque
1396 490 1632 539 decorem

377 581 606 630 detrahet
631 588 682 629 et
705 580 865 628 ventis
893 580 1101 627 horrida
1125 579 1262 627 facta
1287 593 1453 636 coma,

205 679 263 719 15
304 679 478 719 uretur
502 670 678 729 facies,
712 676 924 717 urentur
947 669 1059 716 sole
1084 668 1274 731 capilli,

375 759 567 807 deteret
590 757 843 806 invalidos
870 765 921 805 et
944 758 1026 804 via
1051 756 1211 818 longa
1235 757 1408 819 pedes,

304 848 547 895 admonui
575 847 816 910 quotiens
841 847 987 894 ‘auro
1012 860 1079 893 ne
1103 845 1281 907 pollue
1305 845 1553 893 formam:

375 950 529 998 saepe
552 936 724 984 solent
747 950 874 983 auro
901 935 1064 981 multa
1088 935 1298 981 subesse
1322 933 1476 980 mala.

305 1024 492 1072 divitiis
520 1031 699 1085 captus
724 1023 886 1085 siquis
913 1022 1126 1071 violavit
1147 1036 1392 1079 amorem,

202 1121 264 1162 20
376 1126 660 1175 asperaque
686 1119 764 1160 est
787 1112 862 1160 illi
889 1111 1218 1174 difficilisque
1243 1111 1439 1158 Venus.

305 1215 394 1250 ure
418 1214 590 1248 meum
615 1201 785 1263 potius
812 1201 1017 1248 flamma
1043 1207 1199 1262 eaput
1223 1208 1274 1247 et
1297 1205 1415 1261 pete
1438 1196 1574 1245 ferro

377 1305 561 1353 eorpus
595 1297 645 1337 et
668 1289 859 1337 intorto
886 1289 1093 1337 verbere
1118 1296 1260 1350 terga
1286 1301 1421 1336 seca.

305 1393 401 1428 nee
426 1379 517 1426 tibi
546 1378 744 1426 celandi
771 1392 888 1441 spes
914 1377 981 1425 sit
1006 1390 1218 1441 peceare
1244 1374 1474 1438 paranti:

378 1475 455 1518 est
481 1469 622 1528 deus,
655 1468 885 1516 occultos
913 1467 1004 1529 qui
1032 1472 1167 1514 vetat
1193 1478 1305 1514 esse
1331 1464 1498 1514 dolos.

138 1612 145 1619 ,
203 1566 265 1606 25
305 1558 417 1621 ipse
443 1558 566 1606 deus
593 1557 748 1605 tacito
776 1556 1005 1620 permisit
1028 1556 1207 1616 lingua
1229 1553 1464 1602 ministro

378 1647 548 1695 ederet
572 1654 629 1693 ut
653 1646 817 1693 multo
843 1645 1006 1692 libera
1031 1646 1184 1692 verba
1206 1657 1377 1691 mero:

304 1736 416 1798 ipse
441 1735 564 1783 deus
592 1748 775 1783 somno
803 1733 1021 1780 domitos
1048 1732 1276 1780 emittere
1300 1745 1479 1779 vocem

374 1824 523 1872 iussit
547 1831 598 1871 et
620 1822 806 1870 invitos
833 1822 969 1869 facta
993 1820 1213 1883 tegenda
1238 1819 1422 1882 loqui.'

305 1913 432 1961 haec
459 1927 557 1975 ego
587 1912 845 1959 dicebam:
889 1924 1028 1957 nune
1052 1923 1134 1957 me
1159 1909 1358 1957 flevisse
1384 1909 1700 1970 loquentem,

204 2010 265 2050 30
377 2017 517 2050 nunc
544 2001 699 2064 pudet
722 1999 787 2046 ad
811 2006 1016 2046 teneros
1043 1998 1378 2060 procubuisse
1401 1996 1573 2059 pedes.

304 2098 413 2138 tum
437 2090 559 2138 mihi
585 2089 790 2137 iurabas
817 2087 1010 2135 nullius
1037 2086 1202 2134 divitis
1226 2086 1338 2134 auri

377 2178 620 2242 pondere,
653 2192 759 2225 non
786 2176 1018 2238 gemmis,
1051 2174 1268 2223 vendere
1294 2174 1424 2223 velle
1450 2173 1618 2232 fidem,

306 2283 412 2316 non
439 2266 529 2315 tibi
558 2266 599 2315 si
626 2265 844 2329 pretium
870 2264 1154 2327 Campania
1178 2271 1311 2311 terra
1338 2263 1558 2321 daretur,

378 2371 483 2404 non
510 2355 603 2403 tibi
630 2355 673 2403 si
699 2354 890 2402 Baeehi
918 2368 1042 2402 eura
1068 2353 1317 2400 Falernus
1337 2364 1476 2413 ager.

205 2452 265 2493 35
307 2445 409 2493 illis
439 2445 655 2508 eriperes
682 2443 845 2492 verbis
870 2442 994 2490 mihi
1022 2442 1191 2490 sidera
1217 2440 1345 2489 caeli

378 2533 549 2581 lucere
575 2540 624 2580 et
649 2547 799 2595 puras
828 2530 1057 2578 fulminis
1084 2543 1197 2578 esse
1221 2529 1345 2577 vias.

308 2621 433 2685 quin
461 2621 613 2669 etiam
638 2621 823 2670 flebas:
865 2628 918 2667 at
942 2635 1050 2667 non
1077 2632 1176 2680 ego
1202 2617 1382 2665 fallere
1407 2616 1587 2665 doctus
