1942 3000
260 145 369 196 304
848 147 1174 187 ΡΒΟΡΕΒΤΠ

338 320 454 353 cum
479 305 785 353 moribunda
809 305 957 368 niger
983 304 1246 353 clauderet
1271 319 1363 352 ora
1388 305 1597 367 liquor.'

262 394 331 441 ‘di
357 394 510 441 maris
537 393 732 456 Aegaei
759 408 890 455 quos
917 401 1040 441 sunt
1065 406 1223 455 penes
1250 406 1495 455 aequora,
1527 393 1686 453 venti,

337 487 386 529 et
412 494 767 543 quaecumque
790 494 961 528 meum
988 480 1230 541 degravat
1253 480 1393 528 unda
1419 487 1589 544 eaput,

266 585 368 633 quo
395 569 572 632 rapitis
599 569 811 617 miseros
838 569 1035 632 primae
1059 568 1324 631 lanuginis
1350 569 1551 617 annos?

157 667 223 708 60
338 658 599 707 attulimus
625 659 808 719 longas
836 658 892 705 in
916 658 1049 705 freta
1072 666 1239 706 vestra
1261 671 1471 706 manus:

266 748 331 796 ah
359 747 511 794 miser
535 747 812 808 alcyonum
838 745 1067 809 seopulis
1094 747 1290 809 adfigar
1315 745 1508 795 acutis=

338 836 392 884 in
420 850 503 883 me
529 836 769 884 caeruleo
796 835 1002 883 fuscina
1026 843 1231 897 sumpta
1256 835 1419 884 deost.

267 932 322 973 at
352 925 533 973 saltem
556 924 739 973 Italiae
761 923 1060 985 regionibus
1086 923 1305 972 advehat
1327 930 1523 972 aestuet

341 1013 440 1061 hoc
468 1014 530 1061 de
555 1027 637 1060 me
663 1019 743 1060 sat
770 1012 861 1061 erit
888 1012 931 1060 si
957 1012 1113 1060 modo
1138 1012 1310 1060 matris
1337 1012 1471 1062 erit.³
1584 999 1589 1004 ⁴

160 1110 226 1151 65
268 1101 521 1150 subtrahit
547 1102 673 1149 haee
697 1101 893 1148 fantem
918 1107 1056 1149 torta
1080 1101 1331 1162 vertigine
1358 1101 1572 1161 fluetus3

339 1190 521 1237 ultima
547 1203 680 1251 quae
704 1188 864 1237 Paeto
893 1203 1098 1252 voxque
1122 1189 1334 1251 diesque
1358 1189 1473 1237 fuit.

268 1292 300 1326 o
328 1284 533 1326 eentum
559 1290 847 1338 aequoreae
870 1276 1038 1325 Nereo
1064 1276 1298 1339 genitore
1323 1277 1545 1340 puellae,

339 1373 390 1414 et
413 1373 469 1412 tu
495 1373 725 1414 materno
752 1372 891 1413 taeta
913 1365 1096 1413 dolore
1117 1363 1286 1425 Theti,

269 1469 359 1503 vos
388 1454 559 1503 decuit
583 1454 722 1502 lasso
750 1467 1044 1517 supponere
1070 1451 1311 1503 bracchia
1333 1460 1539 1503 mento:

164 1554 189 1595 Ἰ
203 1555 229 1595 0
342 1560 448 1593 non
472 1551 675 1607 poterat
698 1551 894 1592 vestras
921 1544 1013 1592 ille
1039 1558 1250 1609 gravare
1273 1558 1476 1592 manue.

166 1644 229 1684 25
271 1635 465 1684 reddite
491 1649 677 1698 eorpus
705 1635 861 1682 humo
890 1634 1086 1698 (posita
1111 1640 1188 1682 est
1211 1633 1266 1682 in
1293 1634 1492 1695 gurgite
1517 1632 1675 1697 vita):

342 1723 557 1771 Paetum
583 1729 768 1784 sponte
794 1729 900 1781 tua,
932 1722 1048 1769 vilis
1076 1736 1247 1782 arena,
1279 1728 1453 1783 tegas:

271 1819 322 1860 et
346 1811 582 1874 quotiens
609 1810 753 1857 Paeti
778 1810 1018 1858 transibit
1042 1816 1202 1858 nauta
1226 1810 1537 1872 sepulerum,

342 1898 479 1947 dieat
501 1900 569 1946 ‘et
594 1898 778 1946 audaci
804 1905 860 1946 tu
884 1899 1040 1946 timor
1065 1913 1177 1947 esse
1203 1899 1391 1961 potes?

166 1995 225 2036 71
271 1995 324 2036 at
349 1994 422 2047 tu,
453 2001 602 2034 saeve
628 1986 823 2048 aquilo,
855 2001 1137 2049 numquam
1162 2001 1277 2035 mea
1303 1987 1416 2035 vela
1442 1987 1664 2036 videbis:

340 2082 460 2123 ante
485 2075 622 2123 fores
647 2074 887 2123 dominae
912 2075 1108 2123 condar
1133 2082 1337 2139 oportet
1358 2075 1514 2124 iners.
