1942 3000
298 168 403 218 368
883 170 1207 210 Pnornn‘rn

192 335 255 377 25
297 327 515 376 necdum
540 328 674 375 ultra
697 327 926 376 Tiberim
952 327 1077 375 belli
1104 341 1281 386 sonus,
1313 328 1491 374 ultima
1517 328 1708 390 praeda

365 415 677 463 Nomentum
704 424 752 463 et
778 423 959 477 captae
986 414 1163 476 iugera
1189 423 1336 462 terna
1363 414 1542 463 Corae.

299 520 329 552 o
355 504 473 552 Veii
498 512 709 564 veteres,
743 512 793 552 et
817 518 906 551 vos
934 511 1042 551 tum
1067 517 1229 565 regna
1253 503 1419 551 fuistis

368 599 419 640 et
442 600 607 640 vestro
635 592 803 654 posita
828 599 904 639 est
928 605 1087 639 aurea
1111 591 1239 639 sella
1264 591 1407 638 foro:

295 695 435 729 nunc
458 681 590 727 intra
616 694 790 728 muros
817 680 1036 742 pastoris
1062 679 1251 727 bucina
1274 678 1399 727 lenti

192 777 254 818 30
368 774 543 816 cantat
567 774 617 814 et
641 767 696 814 in
721 767 898 814 vestris
927 767 1129 814 ossibus
1156 782 1275 814 arva
1300 774 1513 814 metunt.

294 856 429 904 forte
454 869 608 917 super
632 861 810 916 portae
835 854 940 901 dux
965 853 1128 902 Veius
1154 854 1350 901 adstitit
1374 868 1542 902 arcem

366 942 788 1005 colloquiumque
814 955 908 989 sua
932 941 1093 989 fretus
1118 943 1184 990 ab
1209 943 1335 989 urbe
1361 941 1514 989 dedit.

295 1032 518 1094 dumque
545 1030 675 1077 aries
703 1043 907 1077 murum
933 1043 1095 1077 cornu
1120 1029 1361 1092 pulsabat
1385 1030 1571 1086 ahen0‚

363 1120 513 1167 vinea
538 1133 641 1180 qua
666 1118 876 1165 ductum
901 1118 1061 1179 longa
1085 1119 1294 1179 tegebat
1317 1132 1466 1180 opum,

194 1214 256 1256 85
300 1206 491 1255 Cossus
520 1206 590 1253 ait
612 1205 763 1253 ‘forti
790 1205 971 1253 melius
1002 1219 1307 1253 concurrere
1333 1206 1567 1267 campo':

368 1309 461 1342 nec
488 1308 633 1341 mora
660 1295 732 1352 fit,
765 1293 924 1355 plano
951 1292 1084 1340 sistit
1111 1301 1324 1356 uterque
1356 1293 1584 1355 gradum.

298 1382 346 1429 di
371 1381 545 1430 Latias
570 1381 743 1434 iuvere
768 1395 970 1438 manue,
1003 1380 1207 1428 desecta
1230 1381 1473 1429 Tolumni

367 1471 537 1519 cervix
562 1468 823 1518 Romanos
849 1468 1104 1531 sanguine
1127 1469 1249 1518 lavit
1275 1483 1453 1533 equos.

297 1558 541 1609 Claudius
568 1576 598 1607 a
627 1558 810 1607 Rheno
839 1559 1083 1607 traiectos
1109 1559 1275 1607 arcuit
1301 1559 1491 1617 hosteS,

190 1656 254 1697 40
366 1648 580 1711 Belgica
606 1662 722 1696 cum
748 1647 878 1695 vasti
903 1662 1082 1710 parma
1110 1648 1270 1696 relata
1294 1646 1436 1696 ducis

294 1736 601 1784 Virdomari.
679 1751 841 1798 genus
871 1736 952 1783 hic
977 1735 1186 1784 Brenno
1212 1736 1436 1783 iactabat
1460 1737 1524 1784 ab
1549 1736 1682 1798 ipso,

365 1823 555 1871 nobilis
583 1823 763 1871 erectis
787 1822 1003 1870 fundere
1028 1836 1185 1883 gaesa
1214 1823 1359 1871 rotis,

295 1910 372 1957 illi
400 1909 609 1972 virgatis
637 1909 912 1957 iaculantis
938 1911 1005 1957 ab
1035 1910 1240 1972 agmine
1266 1910 1460 1958 braccis
1486 1905 1490 1909 ⁴

364 1998 561 2060 torquis
588 1998 652 2045 ab
679 1997 842 2046 incisa
867 1998 1059 2046 decidit
1085 2013 1221 2046 unca
1246 1998 1385 2060 gula.

189 2095 251 2134 45
293 2101 432 2134 nunc
457 2086 624 2149 spolia
647 2086 701 2133 in
728 2088 921 2150 templo
949 2087 1051 2135 tria
1077 2087 1313 2135 condita:
1358 2102 1515 2136 causa
1541 2088 1751 2146 Feretri,

366 2174 540 2222 omine
566 2174 704 2236 quod
731 2183 870 2222 certo
897 2175 1004 2222 dux
1028 2175 1147 2223 ferit
1172 2188 1295 2224 ense
1323 2175 1536 2234 ducem3

291 2276 400 2320 seu,
433 2261 555 2323 quia
579 2262 715 2310 victa
739 2262 843 2309 suis
871 2261 1061 2310 umeris
1090 2262 1213 2310 haec
1240 2276 1383 2310 arma
1407 2262 1659 2321 ferebant,

364 2348 483 2397 hinc
508 2350 701 2399 Feretri
727 2350 861 2399 dicta
888 2357 965 2398 est
990 2365 1079 2398 ara
1106 2352 1327 2414 superba
1354 2351 1509 2400 Iovis.
