1942 3000
268 152 373 202 260
855 153 1177 193 PROPERTII

165 320 224 360 10
337 326 493 374 quam
517 311 660 374 prius
687 310 956 359 adiunctos
984 311 1163 359 sedula
1188 311 1310 359 lavit
1337 326 1515 375 equos,

264 399 412 448 illum
437 400 501 447 ad
527 399 721 447 vicinos
749 414 866 446 eum
892 399 1131 461 amplexa
1157 399 1445 462 quiesceret
1467 400 1644 459 Indos,

335 495 561 536 maturos
588 488 774 535 iterum
800 494 877 534 est
901 495 1084 550 questa
1112 487 1276 536 redire
1309 488 1434 536 dies.

264 578 354 626 illa
380 577 503 625 deos
531 591 737 625 currum
764 577 1116 624 conscendens
1146 577 1275 624 dixit
1300 577 1527 639 iniqu08‚

334 665 548 715 invitum
575 673 626 713 et
650 666 796 713 terris
823 666 1079 728 praestitit
1105 665 1363 726 officium3

161 763 175 802 1
196 763 221 802 5
262 755 344 803 eui
369 754 565 803 maiora
589 754 727 803 senis
752 754 962 803 Tithoni
991 754 1179 817 gaudia
1202 755 1301 802 vivi

335 858 491 907 quam
515 844 683 906 gravis
709 845 899 891 amisso
924 845 1204 893 Memnone
1230 844 1399 892 luctus
1427 852 1551 892 erat.

262 948 379 981 eum
405 946 527 981 sene
554 947 660 980 non
686 933 869 994 puduit
892 934 1049 980 talem
1075 933 1297 981 dormire
1321 934 1547 996 puellam

333 1028 382 1069 et
408 1035 569 1068 canae
593 1021 783 1068 totiens
809 1020 990 1068 oscula
1016 1020 1150 1068 ferre
1175 1035 1380 1069 comae:

259 1116 313 1156 at
337 1114 393 1156 tu
423 1108 574 1156 etiam
601 1109 839 1156 iuvenem
864 1108 1017 1156 odisti
1040 1123 1140 1168 me,
1173 1109 1382 1171 perfida,
1416 1124 1532 1157 cum
1558 1109 1628 1159 sis

156 1205 219 1245 20
331 1197 443 1259 ipsa
469 1210 600 1243 anus
626 1195 762 1243 haud
788 1196 947 1257 longa
973 1211 1127 1244 curva
1151 1196 1324 1244 futura
1349 1197 1445 1245 die.

259 1286 386 1348 quin
412 1299 510 1346 ego
537 1284 779 1333 deminuo
807 1300 999 1344 euram,
1033 1285 1171 1347 quod
1196 1299 1351 1349 saepe
1377 1285 1577 1349 Cupido

332 1372 450 1420 huic
477 1373 640 1421 malus
668 1387 781 1421 esse
805 1372 937 1421 solet
963 1373 1046 1421 cui
1074 1375 1240 1422 bonus
1268 1381 1388 1422 ante
1413 1374 1527 1422 fuit.

881 1744 1120 1835 XVIJIb.

251 1902 401 1949 Nunc
429 1902 582 1949 etiam
608 1902 827 1950 infectos
855 1902 1062 1950 demens
1090 1903 1288 1951 imitare
1312 1904 1611 1967 BritannOS,

323 1990 459 2037 ludis
486 1998 536 2038 et
562 1997 774 2037 externo
800 1990 961 2038 tincta
986 1991 1153 2038 nitore
1181 1994 1370 2055 caput?

147 2083 211 2125 25
253 2085 310 2126 ut
334 2085 518 2126 natura
544 2078 697 2137 dedit,
732 2078 807 2126 sie
832 2078 1001 2125 omnis
1027 2086 1168 2127 recta
1192 2080 1434 2143 figurast:

19 2232 20 2237 1
325 2166 485 2229 turpis
511 2165 745 2215 Romano
771 2166 1019 2229 Belgicus
1046 2182 1136 2216 ore
1161 2170 1323 2218 color.

19 2250 20 2333 1
251 2254 328 2302 illi
356 2255 451 2302 sub
478 2254 626 2303 terris
654 2255 779 2302 fiant
801 2255 939 2303 mala
962 2257 1125 2304 multa
1150 2259 1374 2320 puellae,

324 2357 456 2405 quae
483 2343 695 2392 mentita
719 2358 837 2393 suas
865 2344 1017 2392 vertit
1039 2345 1215 2408 inepta
1243 2347 1447 2395 comas!

253 2431 314 2480 de
341 2445 438 2491 me,
471 2431 540 2479 mi
567 2438 701 2480 certe
726 2431 916 2494 poteris
942 2432 1172 2481 formosa
1197 2434 1383 2481 videri:

146 2526 208 2567 30
321 2519 391 2567 mi
419 2520 643 2568 formosa
668 2520 812 2579 satis,
845 2520 886 2567 si
914 2520 1068 2567 modo
1095 2535 1248 2583 saepe
1272 2522 1430 2570 venis.

247 2621 316 2655 an
344 2606 385 2654 si
416 2608 652 2657 caeruleo
684 2608 934 2670 quaedam
960 2623 1054 2656 sua
1080 2617 1310 2671 tempora
1336 2609 1457 2658 fuco
