1942 3000
798 172 996 210 LIBER.

130 327 391 390 respondi
417 327 468 375 id
497 327 637 390 quod
665 336 789 388 erat,
824 328 952 377 nihil
980 343 1150 392 neque
1177 330 1304 393 ipsis

40 422 92 461 10
132 429 238 463 nec
263 415 599 478 praetoribus
627 429 741 463 esse
768 430 862 465 nec
890 417 1108 476 cohorti,

131 519 229 552 cur
258 504 540 566 quisquam
566 511 722 566 caput
745 505 948 552 unctius
976 505 1203 565 referret,

130 592 447 655 pracsertim
475 593 659 655 quibus
687 600 820 642 esset
844 593 1131 642 inrumator

131 689 372 744 praetor,
406 696 511 728 non
536 682 733 730 faciens
761 682 853 745 pili
882 683 1165 731 cohortem.

130 770 209 817 ‘at
234 776 378 817 certe
403 770 591 817 tamen’
613 769 872 832 inquiunt,
902 770 1059 833 ‘quod
1087 771 1197 820 illic

36 865 91 905 15
132 866 326 905 natum
351 857 538 905 dicitur
563 871 692 916 esse,
726 858 1018 921 conparasti

134 946 205 994 ad
231 945 472 994 lecticam
496 946 773 993 homincS.³
846 961 960 1009 eg0‚
996 953 1052 994 ut
1077 948 1281 1010 puellae

134 1049 308 1081 unum
332 1047 414 1080 me
441 1033 666 1081 facerem
693 1033 988 1093 beatiorem,

132 1122 287 1171 ‘non'
310 1121 523 1183 inquam
545 1121 686 1170 ‘mihi
712 1130 817 1170 tam
841 1122 939 1171 fuit
960 1123 1205 1186 maligne,

140 1218 216 1270 ut,
250 1210 519 1272 provincia
546 1210 684 1272 quod
710 1211 849 1258 mala
873 1211 1156 1271 incidisset,

46 1306 101 1346 20
142 1313 255 1347 non
281 1313 486 1361 possem
513 1308 631 1347 octo
658 1300 890 1348 homines
916 1315 1098 1364 parare
1123 1303 1331 1350 rectos?

144 1396 199 1436 at
222 1388 296 1435 mi
322 1388 496 1436 nullus
525 1397 636 1436 erat
662 1403 831 1451 neque
856 1390 939 1438 hic
964 1404 1133 1452 neque
1157 1391 1283 1451 illic,

144 1476 367 1526 fractum
393 1478 485 1540 qui
512 1478 695 1526 veteris
723 1478 905 1541 pedem
929 1479 1128 1540 grabati

145 1567 200 1614 in
229 1566 368 1614 collo
394 1566 493 1614 sibi
519 1567 776 1614 collocare
807 1577 1002 1630 posset.

146 1654 229 1703 hic
253 1654 364 1712 illa,
398 1660 455 1701 ut
480 1654 652 1702 decuit
677 1654 1040 1714 cinaediorcm,

56 1749 112 1790 25
149 1743 379 1805 ‘quaeso'
403 1742 575 1805 inquit
597 1743 756 1803 ‘mihi,
786 1744 856 1791 mi
883 1742 1107 1803 Catulle,
1139 1745 1372 1807 paullum

150 1831 305 1878 istos:
351 1831 676 1878 commodum
704 1831 841 1879 enim
866 1832 984 1879 volo
1010 1832 1073 1880 ad
1105 1831 1338 1895 Serapim

151 1918 378 1967 deferri.²
449 1919 632 1966 ‘mane'
657 1919 822 1982 inquii
849 1920 1053 1981 puellae

152 2096 289 2144 istud
316 2096 454 2158 quod
479 2096 632 2143 modo
660 2096 890 2144 dixeram
913 2111 997 2144 mc
1021 2097 1228 2156 habere,

58 2193 115 2233 3ο
156 2184 287 2247 fugit
310 2199 394 2232 mc
419 2185 577 2232 ratio:
619 2198 763 2232 meus
790 2185 982 2233 sodalis

156 2273 320 2324 Cinna
346 2281 424 2320 est
450 2271 609 2321 Gaius
630 2290 642 2332 ;
684 2274 726 2320 is
755 2274 853 2322 sibi
878 2274 1093 2337 paravit.

155 2377 342 2422 verum,
375 2369 546 2410 utrum
570 2362 710 2410 illius
736 2377 803 2410 an
829 2363 948 2422 mei,
982 2363 1103 2425 quid
1130 2362 1195 2410 ad
1219 2362 1337 2410 me?

155 2458 269 2499 utor
293 2458 398 2499 tam
425 2444 554 2499 be'ue
580 2466 737 2513 quam
761 2451 886 2499 mihi
912 2452 1153 2514 paratim.

156 2540 240 2589 sed
265 2547 322 2587 tu
343 2539 542 2588 insulsa
568 2540 703 2587 male
728 2555 790 2587 ac
815 2540 1034 2587 molesta
1058 2539 1203 2598 vivis,

67 2634 120 2676 35
158 2643 244 2691 per
268 2642 423 2691 quam
446 2642 553 2675 non
589 2628 709 2676 licet
734 2642 844 2677 csse
872 2626 1269 2690 neglegentem?

1577 172 1642 222 11
