1942 3000
774 163 951 200 unns
982 163 1023 200 1.
1545 159 1644 209 141

156 320 369 368 desistas
396 319 680 379 lacrimare,
712 333 866 382 puer:
909 335 1016 367 non
1042 319 1297 381 frangitur
1319 319 1427 378 illa,

226 417 275 456 et
298 417 387 456 tua
413 409 517 455 iam
542 407 662 455 fietu
688 408 881 456 lumina
907 409 1046 457 fessa
1073 417 1287 457 tument.

157 497 388 557 oderunt,
420 497 636 554 Pholoe,
666 510 872 556 menen,
902 497 1111 545 fastidia
1136 497 1253 555 divi,

52 595 112 635 70
226 600 320 633 nec
346 586 553 648 prodest
577 586 768 633 sanctis
795 593 910 633 tura
936 586 1137 633 dedisse
1160 585 1310 633 focis.

156 674 241 722 hie
264 674 528 721 Marathus
556 674 817 736 quondam
841 675 1057 722 miseros
1084 674 1293 722 ludebat
1321 683 1571 732 amantes,

226 763 429 811 nescius
455 763 674 811 ultorem
699 769 818 825 post
844 771 1000 825 eaput
1026 776 1138 811 esse
1164 763 1343 810 deum:

155 865 307 914 saepe
333 851 488 899 etiam
513 850 734 898 lacrimis
761 851 920 899 fertur
945 851 1118 899 risisse
1144 850 1362 900 dolentis

226 946 276 987 et
302 939 545 1003 cupidum
574 941 690 987 ficta
715 939 995 987 detinuisse
1018 954 1189 988 mora:

49 1037 107 1077 75
153 1043 292 1075 nunc
319 1028 485 1076 omnis
513 1027 622 1075 odit
646 1027 827 1086 fastus,
858 1043 1000 1075 nune
1024 1028 1263 1091 displicet
1285 1029 1362 1076 illi

223 1130 579 1178 quaecumque
603 1116 843 1178 opposita
867 1125 945 1163 est
967 1116 1123 1163 ianua
1149 1117 1275 1165 dura
1299 1131 1428 1165 sera.

152 1213 205 1252 at
230 1213 281 1252 te
306 1219 475 1267 poena
499 1212 688 1264 manet,
722 1205 774 1252 ni
801 1205 992 1252 desinis
1020 1219 1132 1253 esse
1157 1206 1393 1268 superba.

224 1307 380 1355 quam
405 1294 577 1356 cupies
604 1294 736 1342 votis
762 1293 900 1342 hune
926 1307 1163 1343 revocare
1188 1295 1346 1343 diem!

814 1665 982 1713 VIIII.

150 1821 288 1882 Quid
312 1823 454 1882 mihi,
486 1824 528 1871 si
555 1823 724 1872 fueras
748 1825 962 1873 miseros
990 1825 1221 1873 laesurus
1246 1840 1463 1883 amores,

220 1912 433 1960 foedera
458 1927 550 1975 per
574 1913 733 1972 divos,
767 1914 901 1961 clam
927 1913 1184 1972 violanda,
1217 1914 1410 1962 dabas?

146 2000 216 2048 ah
243 2000 414 2059 miser,
447 2000 543 2049 etsi
569 2001 682 2063 quis
709 2002 873 2064 primo
900 2002 1125 2064 periuria
1151 2003 1302 2060 celat,

221 2102 353 2146 sera,
387 2097 558 2136 tamen
586 2090 752 2137 tacitis
778 2091 955 2138 Poena
983 2091 1118 2138 venit
1143 2091 1373 2153 pedibus.

70 2186 98 2225 5
145 2177 364 2240 parcite,
397 2176 669 2225 caelestes:
713 2193 935 2240 aequum
962 2189 1039 2227 est
1061 2180 1255 2242 inpune
1280 2180 1432 2229 liceto

220 2265 435 2313 numina
461 2265 700 2314 formosis
726 2268 929 2315 laedere
956 2279 1121 2316 vestra
1145 2269 1320 2317 semel.

142 2354 296 2401 luera
322 2362 500 2415 petens
526 2354 685 2404 habili
711 2362 884 2404 tauros
911 2356 1145 2419 adiungit
1169 2366 1338 2404 aratro

221 2450 273 2489 et
299 2442 481 2490 durum
506 2451 669 2491 terrae
695 2444 913 2492 rusticus
942 2454 1087 2506 urget
1111 2460 1261 2507 opus,

141 2532 297 2579 luera
323 2531 568 2592 petituras
596 2532 726 2579 freta
751 2547 842 2595 per
866 2533 1101 2595 parentia
1127 2532 1287 2582 ventis

29 2626 92 2667 ιο
220 2618 419 2667 ducunt
442 2620 709 2669 instabiles
735 2621 901 2670 sidera
927 2631 1063 2670 certa
1089 2631 1252 2672 rates:
