<?xml version="1.0" encoding="UTF-8"?>
<!DOCTYPE html PUBLIC "-//W3C//DTD XHTML 1.0 Transitional//EN"
    "http://www.w3.org/TR/xhtml1/DTD/xhtml1-transitional.dtd">
<html xmlns="http://www.w3.org/1999/xhtml" xml:lang="en" lang="en">
 <head>
  <title>
</title>
<meta http-equiv="Content-Type" content="text/html;charset=utf-8" />
  <meta name='ocr-system' content='tesseract 3.04.00' />
  <meta name='ocr-capabilities' content='ocr_page ocr_carea ocr_par ocr_line ocrx_word'/>
</head>
<body>
  <div class='ocr_page' id='page_1' title='image "./catullitibullip02vahlgoog_0194.png"; bbox 0 0 1942 3000; ppageno 0'>
   <div class='ocr_carea' id='block_1_1' title="bbox 13 2022 26 2900">
    <p class='ocr_par' dir='ltr' id='par_1_1' title="bbox 13 2022 26 2900">
     <span class='ocr_line' id='line_1_1' title="bbox 13 2022 26 2900; baseline 0 0"><span class='ocrx_word' id='word_1_1' title='bbox 13 2022 26 2900; x_wconf 95' lang='lat' dir='ltr'><strong> </strong></span> 
     </span>
    </p>
   </div>
   <div class='ocr_carea' id='block_1_2' title="bbox 266 170 1108 220">
    <p class='ocr_par' dir='ltr' id='par_1_2' title="bbox 266 170 1108 220">
     <span class='ocr_line' id='line_1_2' title="bbox 266 170 1108 220; baseline -0.014 0"><span class='ocrx_word' id='word_1_2' title='bbox 266 170 371 220; x_wconf 79' lang='lat'><strong>184</strong></span> <span class='ocrx_word' id='word_1_3' title='bbox 864 172 1108 212; x_wconf 69' lang='lat' dir='ltr'><strong>numm</strong></span> 
     </span>
    </p>
   </div>
   <div class='ocr_carea' id='block_1_3' title="bbox 140 328 1690 2249">
    <p class='ocr_par' dir='ltr' id='par_1_3' title="bbox 265 328 1442 389">
     <span class='ocr_line' id='line_1_3' title="bbox 265 328 1442 389; baseline -0.002 -11"><span class='ocrx_word' id='word_1_4' title='bbox 265 336 315 379; x_wconf 89' lang='lat' dir='ltr'><strong>et</strong></span> <span class='ocrx_word' id='word_1_5' title='bbox 338 329 449 378; x_wconf 86' lang='lat' dir='ltr'><strong>fera</strong></span> <span class='ocrx_word' id='word_1_6' title='bbox 472 329 731 377; x_wconf 80' lang='lat' dir='ltr'>discordes</span> <span class='ocrx_word' id='word_1_7' title='bbox 757 335 1033 377; x_wconf 89' lang='lat' dir='ltr'><strong>tenuerunt</strong></span> <span class='ocrx_word' id='word_1_8' title='bbox 1057 328 1265 376; x_wconf 85' lang='lat' dir='ltr'><strong>flamina</strong></span> <span class='ocrx_word' id='word_1_9' title='bbox 1290 329 1442 389; x_wconf 85' lang='lat' dir='ltr'><strong>venti,</strong></span> 
     </span>
    </p>

    <p class='ocr_par' dir='ltr' id='par_1_4' title="bbox 140 416 1690 833">
     <span class='ocr_line' id='line_1_4' title="bbox 140 416 1506 479; baseline -0.001 -13"><span class='ocrx_word' id='word_1_10' title='bbox 140 426 235 467; x_wconf 80' lang='lat'><strong>125</strong></span> <span class='ocrx_word' id='word_1_11' title='bbox 267 432 419 466; x_wconf 86' lang='lat' dir='ltr'><strong>curva</strong></span> <span class='ocrx_word' id='word_1_12' title='bbox 442 431 539 465; x_wconf 90' lang='lat' dir='ltr'><strong>nec</strong></span> <span class='ocrx_word' id='word_1_13' title='bbox 563 417 806 465; x_wconf 89' lang='lat' dir='ltr'><strong>adsuetos</strong></span> <span class='ocrx_word' id='word_1_14' title='bbox 833 423 1051 479; x_wconf 83' lang='lat' dir='ltr'><strong>egerunt</strong></span> <span class='ocrx_word' id='word_1_15' title='bbox 1073 416 1286 464; x_wconf 89' lang='lat' dir='ltr'><strong>flumina</strong></span> <span class='ocrx_word' id='word_1_16' title='bbox 1310 432 1506 476; x_wconf 89' lang='lat' dir='ltr'><strong>cursus,</strong></span> 
     </span>
     <span class='ocr_line' id='line_1_5' title="bbox 265 504 1690 568; baseline 0 -15"><span class='ocrx_word' id='word_1_17' title='bbox 265 506 390 568; x_wconf 91' lang='lat' dir='ltr'><strong>quin</strong></span> <span class='ocrx_word' id='word_1_18' title='bbox 415 505 651 568; x_wconf 89' lang='lat' dir='ltr'><strong>rapidum</strong></span> <span class='ocrx_word' id='word_1_19' title='bbox 679 505 892 567; x_wconf 88' lang='lat' dir='ltr'><strong>placidis</strong></span> <span class='ocrx_word' id='word_1_20' title='bbox 921 505 1076 553; x_wconf 83' lang='lat' dir='ltr'><strong>etiam</strong></span> <span class='ocrx_word' id='word_1_21' title='bbox 1100 519 1241 554; x_wconf 87' lang='lat' dir='ltr'><strong>mare</strong></span> <span class='ocrx_word' id='word_1_22' title='bbox 1266 506 1497 554; x_wconf 89' lang='lat' dir='ltr'><strong>constitit</strong></span> <span class='ocrx_word' id='word_1_23' title='bbox 1519 504 1690 564; x_wconf 88' lang='lat' dir='ltr'><strong>undis,</strong></span> 
     </span>
     <span class='ocr_line' id='line_1_6' title="bbox 265 594 1450 656; baseline 0.002 -15"><span class='ocrx_word' id='word_1_24' title='bbox 265 594 410 641; x_wconf 88' lang='lat' dir='ltr'><strong>nulla</strong></span> <span class='ocrx_word' id='word_1_25' title='bbox 435 607 530 642; x_wconf 87' lang='lat' dir='ltr'><strong>nec</strong></span> <span class='ocrx_word' id='word_1_26' title='bbox 555 594 718 642; x_wconf 83' lang='lat' dir='ltr'><strong>aerias</strong></span> <span class='ocrx_word' id='word_1_27' title='bbox 744 594 966 642; x_wconf 86' lang='lat' dir='ltr'><strong>volucris</strong></span> <span class='ocrx_word' id='word_1_28' title='bbox 994 594 1274 656; x_wconf 80' lang='lat' dir='ltr'>perlabitur</span> <span class='ocrx_word' id='word_1_29' title='bbox 1299 609 1450 644; x_wconf 88' lang='lat' dir='ltr'><strong>auras</strong></span> 
     </span>
     <span class='ocr_line' id='line_1_7' title="bbox 267 682 1608 745; baseline 0 -15"><span class='ocrx_word' id='word_1_30' title='bbox 267 696 363 730; x_wconf 86' lang='lat' dir='ltr'><strong>nec</strong></span> <span class='ocrx_word' id='word_1_31' title='bbox 388 682 677 745; x_wconf 80' lang='lat' dir='ltr'><strong>quadrupes</strong></span> <span class='ocrx_word' id='word_1_32' title='bbox 704 682 889 731; x_wconf 89' lang='lat' dir='ltr'><strong>densas</strong></span> <span class='ocrx_word' id='word_1_33' title='bbox 917 682 1212 744; x_wconf 85' lang='lat' dir='ltr'><strong>depascitur</strong></span> <span class='ocrx_word' id='word_1_34' title='bbox 1235 697 1414 745; x_wconf 88' lang='lat' dir='ltr'><strong>aspera</strong></span> <span class='ocrx_word' id='word_1_35' title='bbox 1438 683 1608 740; x_wconf 88' lang='lat' dir='ltr'><strong>silvas,</strong></span> 
     </span>
     <span class='ocr_line' id='line_1_8' title="bbox 267 769 1446 833; baseline 0.003 -17"><span class='ocrx_word' id='word_1_36' title='bbox 267 769 392 833; x_wconf 91' lang='lat' dir='ltr'><strong>quin</strong></span> <span class='ocrx_word' id='word_1_37' title='bbox 420 769 605 832; x_wconf 86' lang='lat' dir='ltr'><strong>largita</strong></span> <span class='ocrx_word' id='word_1_38' title='bbox 630 770 731 819; x_wconf 89' lang='lat' dir='ltr'><strong>tuis</strong></span> <span class='ocrx_word' id='word_1_39' title='bbox 758 777 880 818; x_wconf 87' lang='lat' dir='ltr'><strong>sunt</strong></span> <span class='ocrx_word' id='word_1_40' title='bbox 903 776 1045 819; x_wconf 85' lang='lat' dir='ltr'><strong>muta</strong></span> <span class='ocrx_word' id='word_1_41' title='bbox 1070 771 1274 819; x_wconf 89' lang='lat' dir='ltr'><strong>silentia</strong></span> <span class='ocrx_word' id='word_1_42' title='bbox 1299 771 1446 819; x_wconf 86' lang='lat' dir='ltr'><strong>votis.</strong></span> 
     </span>
    </p>

    <p class='ocr_par' dir='ltr' id='par_1_5' title="bbox 143 858 1549 1275">
     <span class='ocr_line' id='line_1_9' title="bbox 143 858 1452 921; baseline 0 -13"><span class='ocrx_word' id='word_1_43' title='bbox 143 865 237 908; x_wconf 83' lang='grc'><strong>130</strong></span> <span class='ocrx_word' id='word_1_44' title='bbox 264 858 494 921; x_wconf 87' lang='lat' dir='ltr'><strong>Iuppiter</strong></span> <span class='ocrx_word' id='word_1_45' title='bbox 518 858 631 921; x_wconf 89' lang='lat' dir='ltr'><strong>ipse</strong></span> <span class='ocrx_word' id='word_1_46' title='bbox 655 858 753 907; x_wconf 83' lang='lat' dir='ltr'><strong>levi</strong></span> <span class='ocrx_word' id='word_1_47' title='bbox 779 865 951 907; x_wconf 82' lang='lat' dir='ltr'><strong>vectus</strong></span> <span class='ocrx_word' id='word_1_48' title='bbox 978 872 1070 921; x_wconf 90' lang='lat' dir='ltr'><strong>per</strong></span> <span class='ocrx_word' id='word_1_49' title='bbox 1094 859 1268 907; x_wconf 88' lang='lat' dir='ltr'><strong>inania</strong></span> <span class='ocrx_word' id='word_1_50' title='bbox 1301 874 1452 908; x_wconf 88' lang='lat' dir='ltr'><strong>curru</strong></span> 
     </span>
     <span class='ocr_line' id='line_1_10' title="bbox 267 946 1403 1010; baseline 0 -15"><span class='ocrx_word' id='word_1_51' title='bbox 267 946 431 995; x_wconf 86' lang='lat' dir='ltr'><strong>adfuit</strong></span> <span class='ocrx_word' id='word_1_52' title='bbox 454 953 506 995; x_wconf 89' lang='lat' dir='ltr'><strong>et</strong></span> <span class='ocrx_word' id='word_1_53' title='bbox 531 946 676 995; x_wconf 88' lang='lat' dir='ltr'><strong>caelo</strong></span> <span class='ocrx_word' id='word_1_54' title='bbox 702 947 924 995; x_wconf 88' lang='lat' dir='ltr'><strong>vicinum</strong></span> <span class='ocrx_word' id='word_1_55' title='bbox 949 947 1103 1010; x_wconf 88' lang='lat' dir='ltr'><strong>liquit</strong></span> <span class='ocrx_word' id='word_1_56' title='bbox 1128 946 1403 1010; x_wconf 82' lang='lat' dir='ltr'><strong>Olympum</strong></span> 
     </span>
     <span class='ocr_line' id='line_1_11' title="bbox 267 1035 1446 1100; baseline 0.001 -17"><span class='ocrx_word' id='word_1_57' title='bbox 267 1035 568 1098; x_wconf 87' lang='lat' dir='ltr'><strong>intentaque</strong></span> <span class='ocrx_word' id='word_1_58' title='bbox 592 1036 691 1085; x_wconf 86' lang='lat' dir='ltr'><strong>tuis</strong></span> <span class='ocrx_word' id='word_1_59' title='bbox 716 1035 957 1100; x_wconf 83' lang='lat' dir='ltr'><strong>precibus</strong></span> <span class='ocrx_word' id='word_1_60' title='bbox 985 1049 1041 1084; x_wconf 89' lang='lat' dir='ltr'><strong>se</strong></span> <span class='ocrx_word' id='word_1_61' title='bbox 1066 1036 1301 1098; x_wconf 87' lang='lat' dir='ltr'><strong>praebuit</strong></span> <span class='ocrx_word' id='word_1_62' title='bbox 1324 1050 1446 1084; x_wconf 87' lang='lat' dir='ltr'><strong>aure</strong></span> 
     </span>
     <span class='ocr_line' id='line_1_12' title="bbox 268 1123 1549 1188; baseline -0.002 -14"><span class='ocrx_word' id='word_1_63' title='bbox 268 1132 557 1188; x_wconf 89' lang='lat' dir='ltr'><strong>cunctaque</strong></span> <span class='ocrx_word' id='word_1_64' title='bbox 579 1124 747 1172; x_wconf 88' lang='lat' dir='ltr'><strong>veraci</strong></span> <span class='ocrx_word' id='word_1_65' title='bbox 775 1123 940 1186; x_wconf 90' lang='lat' dir='ltr'><strong>capite</strong></span> <span class='ocrx_word' id='word_1_66' title='bbox 967 1124 1174 1172; x_wconf 87' lang='lat' dir='ltr'><strong>adnuit:</strong></span> <span class='ocrx_word' id='word_1_67' title='bbox 1218 1124 1419 1173; x_wconf 85' lang='lat' dir='ltr'><strong>additus</strong></span> <span class='ocrx_word' id='word_1_68' title='bbox 1446 1124 1549 1172; x_wconf 85' lang='lat' dir='ltr'><strong>aris</strong></span> 
     </span>
     <span class='ocr_line' id='line_1_13' title="bbox 268 1212 1477 1275; baseline -0.002 -13"><span class='ocrx_word' id='word_1_69' title='bbox 268 1214 451 1262; x_wconf 86' lang='lat' dir='ltr'><strong>laetior</strong></span> <span class='ocrx_word' id='word_1_70' title='bbox 475 1212 638 1262; x_wconf 81' lang='lat' dir='ltr'><strong>eluxit</strong></span> <span class='ocrx_word' id='word_1_71' title='bbox 661 1218 881 1261; x_wconf 87' lang='lat' dir='ltr'><strong>structos</strong></span> <span class='ocrx_word' id='word_1_72' title='bbox 907 1227 1062 1275; x_wconf 87' lang='lat' dir='ltr'><strong>super</strong></span> <span class='ocrx_word' id='word_1_73' title='bbox 1087 1213 1223 1275; x_wconf 82' lang='lat' dir='ltr'><strong>ignis</strong></span> <span class='ocrx_word' id='word_1_74' title='bbox 1250 1227 1477 1261; x_wconf 81' lang='lat' dir='ltr'><strong>acervos,</strong></span> 
     </span>
    </p>

    <p class='ocr_par' dir='ltr' id='par_1_6' title="bbox 144 1301 1553 1372">
     <span class='ocr_line' id='line_1_14' title="bbox 144 1301 1553 1372; baseline -0.003 -21"><span class='ocrx_word' id='word_1_75' title='bbox 144 1309 239 1351; x_wconf 79' lang='lat'><strong>135</strong></span> <span class='ocrx_word' id='word_1_76' title='bbox 376 1302 501 1364; x_wconf 89' lang='lat' dir='ltr'><strong>quin</strong></span> <span class='ocrx_word' id='word_1_77' title='bbox 528 1301 767 1349; x_wconf 79' lang='lat' dir='ltr'><strong>hortante</strong></span> <span class='ocrx_word' id='word_1_78' title='bbox 793 1301 887 1348; x_wconf 90' lang='lat' dir='ltr'><strong>deo</strong></span> <span class='ocrx_word' id='word_1_79' title='bbox 916 1301 1118 1372; x_wconf 78' lang='lat' dir='ltr'><strong>magnis</strong></span> <span class='ocrx_word' id='word_1_80' title='bbox 1143 1301 1377 1349; x_wconf 84' lang='lat' dir='ltr'><strong>insistere</strong></span> <span class='ocrx_word' id='word_1_81' title='bbox 1401 1302 1553 1350; x_wconf 87' lang='lat' dir='ltr'><strong>rebus</strong></span> 
     </span>
    </p>

    <p class='ocr_par' dir='ltr' id='par_1_7' title="bbox 240 1388 1556 1715">
     <span class='ocr_line' id='line_1_15' title="bbox 240 1388 1556 1452; baseline -0.002 -14"><span class='ocrx_word' id='word_1_82' title='bbox 240 1423 249 1430; x_wconf 83' lang='lat'><em>-</em></span> <span class='ocrx_word' id='word_1_83' title='bbox 270 1390 469 1452; x_wconf 86' lang='lat' dir='ltr'><strong>incipe:</strong></span> <span class='ocrx_word' id='word_1_84' title='bbox 512 1403 618 1437; x_wconf 86' lang='lat' dir='ltr'><strong>non</strong></span> <span class='ocrx_word' id='word_1_85' title='bbox 643 1388 779 1436; x_wconf 90' lang='lat' dir='ltr'><strong>idem</strong></span> <span class='ocrx_word' id='word_1_86' title='bbox 804 1389 898 1437; x_wconf 86' lang='lat' dir='ltr'><strong>tibi</strong></span> <span class='ocrx_word' id='word_1_87' title='bbox 923 1389 1031 1437; x_wconf 87' lang='lat' dir='ltr'><strong>sint</strong></span> <span class='ocrx_word' id='word_1_88' title='bbox 1054 1389 1274 1451; x_wconf 87' lang='lat' dir='ltr'><strong>aliisque</strong></span> <span class='ocrx_word' id='word_1_89' title='bbox 1296 1388 1556 1452; x_wconf 85' lang='lat' dir='ltr'><strong>triumphi.</strong></span> 
     </span>
     <span class='ocr_line' id='line_1_16' title="bbox 269 1477 1378 1528; baseline -0.001 0"><span class='ocrx_word' id='word_1_90' title='bbox 269 1493 376 1528; x_wconf 91' lang='lat' dir='ltr'><strong>non</strong></span> <span class='ocrx_word' id='word_1_91' title='bbox 401 1486 452 1526; x_wconf 89' lang='lat' dir='ltr'><strong>te</strong></span> <span class='ocrx_word' id='word_1_92' title='bbox 475 1477 644 1526; x_wconf 88' lang='lat' dir='ltr'><strong>vicino</strong></span> <span class='ocrx_word' id='word_1_93' title='bbox 672 1477 1014 1526; x_wconf 82' lang='lat' dir='ltr'><strong>remorabitur</strong></span> <span class='ocrx_word' id='word_1_94' title='bbox 1039 1477 1188 1526; x_wconf 87' lang='lat' dir='ltr'><strong>obvia</strong></span> <span class='ocrx_word' id='word_1_95' title='bbox 1211 1477 1378 1527; x_wconf 81' lang='lat' dir='ltr'><strong>Marte</strong></span> 
     </span>
     <span class='ocr_line' id='line_1_17' title="bbox 272 1565 1351 1628; baseline -0.002 -11"><span class='ocrx_word' id='word_1_96' title='bbox 272 1567 444 1617; x_wconf 86' lang='lat' dir='ltr'><strong>Gallia</strong></span> <span class='ocrx_word' id='word_1_97' title='bbox 469 1580 564 1615; x_wconf 89' lang='lat' dir='ltr'><strong>nec</strong></span> <span class='ocrx_word' id='word_1_98' title='bbox 588 1565 705 1614; x_wconf 86' lang='lat' dir='ltr'><strong>latis</strong></span> <span class='ocrx_word' id='word_1_99' title='bbox 732 1566 902 1613; x_wconf 85' lang='lat' dir='ltr'><strong>audax</strong></span> <span class='ocrx_word' id='word_1_100' title='bbox 927 1565 1180 1628; x_wconf 81' lang='lat' dir='ltr'><strong>Hispania</strong></span> <span class='ocrx_word' id='word_1_101' title='bbox 1206 1567 1351 1616; x_wconf 88' lang='lat' dir='ltr'><strong>terris</strong></span> 
     </span>
     <span class='ocr_line' id='line_1_18' title="bbox 269 1654 1417 1715; baseline -0.001 -11"><span class='ocrx_word' id='word_1_102' title='bbox 269 1670 367 1704; x_wconf 89' lang='lat' dir='ltr'><strong>nec</strong></span> <span class='ocrx_word' id='word_1_103' title='bbox 399 1655 508 1702; x_wconf 82' lang='lat' dir='ltr'><strong>fera</strong></span> <span class='ocrx_word' id='word_1_104' title='bbox 531 1654 763 1702; x_wconf 88' lang='lat' dir='ltr'><strong>Theraeo</strong></span> <span class='ocrx_word' id='word_1_105' title='bbox 791 1655 942 1702; x_wconf 88' lang='lat' dir='ltr'><strong>tellus</strong></span> <span class='ocrx_word' id='word_1_106' title='bbox 970 1655 1183 1703; x_wconf 87' lang='lat' dir='ltr'><strong>obsessa</strong></span> <span class='ocrx_word' id='word_1_107' title='bbox 1209 1656 1417 1715; x_wconf 90' lang='lat' dir='ltr'><strong>colon0‚</strong></span> 
     </span>
    </p>

    <p class='ocr_par' dir='ltr' id='par_1_8' title="bbox 146 1741 1575 2160">
     <span class='ocr_line' id='line_1_19' title="bbox 146 1741 1575 1806; baseline -0.001 -14"><span class='ocrx_word' id='word_1_108' title='bbox 146 1751 241 1792; x_wconf 81' lang='lat'><strong>140</strong></span> <span class='ocrx_word' id='word_1_109' title='bbox 271 1757 367 1791; x_wconf 89' lang='lat' dir='ltr'><strong>nec</strong></span> <span class='ocrx_word' id='word_1_110' title='bbox 393 1757 496 1805; x_wconf 90' lang='lat' dir='ltr'><strong>qua</strong></span> <span class='ocrx_word' id='word_1_111' title='bbox 520 1743 598 1791; x_wconf 87' lang='lat' dir='ltr'><strong>vel</strong></span> <span class='ocrx_word' id='word_1_112' title='bbox 623 1741 771 1790; x_wconf 87' lang='lat' dir='ltr'><strong>Nilus</strong></span> <span class='ocrx_word' id='word_1_113' title='bbox 797 1743 876 1791; x_wconf 88' lang='lat' dir='ltr'><strong>vel</strong></span> <span class='ocrx_word' id='word_1_114' title='bbox 907 1742 1052 1803; x_wconf 87' lang='lat' dir='ltr'><strong>regia</strong></span> <span class='ocrx_word' id='word_1_115' title='bbox 1076 1743 1285 1806; x_wconf 83' lang='lat' dir='ltr'><strong>lympha</strong></span> <span class='ocrx_word' id='word_1_116' title='bbox 1310 1743 1575 1806; x_wconf 88' lang='lat' dir='ltr'><strong>Choaspes</strong></span> 
     </span>
     <span class='ocr_line' id='line_1_20' title="bbox 270 1829 1544 1895; baseline 0 -16"><span class='ocrx_word' id='word_1_117' title='bbox 270 1831 480 1895; x_wconf 88' lang='lat' dir='ltr'><strong>profluit</strong></span> <span class='ocrx_word' id='word_1_118' title='bbox 504 1838 595 1879; x_wconf 89' lang='lat' dir='ltr'><strong>aut</strong></span> <span class='ocrx_word' id='word_1_119' title='bbox 620 1830 845 1893; x_wconf 74' lang='lat' dir='ltr'><strong>rapiduS,</strong></span> <span class='ocrx_word' id='word_1_120' title='bbox 883 1829 1003 1892; x_wconf 77' lang='lat' dir='ltr'><strong>Cyri</strong></span> <span class='ocrx_word' id='word_1_121' title='bbox 1033 1831 1302 1891; x_wconf 89' lang='lat' dir='ltr'><strong>dementia,</strong></span> <span class='ocrx_word' id='word_1_122' title='bbox 1338 1832 1544 1894; x_wconf 84' lang='lat' dir='ltr'><strong>Gyndes</strong></span> 
     </span>
     <span class='ocr_line' id='line_1_21' title="bbox 273 1918 1446 1983; baseline -0.001 -15"><span class='ocrx_word' id='word_1_123' title='bbox 273 1929 381 1968; x_wconf 89' lang='lat' dir='ltr'><strong>aret</strong></span> <span class='ocrx_word' id='word_1_124' title='bbox 404 1918 637 1967; x_wconf 86' lang='lat' dir='ltr'><strong>Areeteis</strong></span> <span class='ocrx_word' id='word_1_125' title='bbox 663 1918 799 1966; x_wconf 86' lang='lat' dir='ltr'><strong>haud</strong></span> <span class='ocrx_word' id='word_1_126' title='bbox 826 1933 930 1967; x_wconf 86' lang='lat' dir='ltr'><strong>una</strong></span> <span class='ocrx_word' id='word_1_127' title='bbox 955 1933 1047 1982; x_wconf 88' lang='lat' dir='ltr'><strong>per</strong></span> <span class='ocrx_word' id='word_1_128' title='bbox 1073 1920 1205 1968; x_wconf 86' lang='lat' dir='ltr'><strong>ostia</strong></span> <span class='ocrx_word' id='word_1_129' title='bbox 1232 1921 1446 1983; x_wconf 80' lang='lat' dir='ltr'><strong>campis,</strong></span> 
     </span>
     <span class='ocr_line' id='line_1_22' title="bbox 272 2006 1506 2071; baseline 0 -15"><span class='ocrx_word' id='word_1_130' title='bbox 272 2023 368 2057; x_wconf 87' lang='lat' dir='ltr'><strong>nec</strong></span> <span class='ocrx_word' id='word_1_131' title='bbox 395 2023 499 2071; x_wconf 86' lang='lat' dir='ltr'><strong>qua</strong></span> <span class='ocrx_word' id='word_1_132' title='bbox 525 2022 683 2070; x_wconf 87' lang='lat' dir='ltr'><strong>regna</strong></span> <span class='ocrx_word' id='word_1_133' title='bbox 707 2021 837 2068; x_wconf 85' lang='lat' dir='ltr'><strong>vago</strong></span> <span class='ocrx_word' id='word_1_134' title='bbox 862 2006 1098 2068; x_wconf 83' lang='lat' dir='ltr'><strong>Tomyris</strong></span> <span class='ocrx_word' id='word_1_135' title='bbox 1129 2008 1291 2056; x_wconf 84' lang='lat' dir='ltr'><strong>finivit</strong></span> <span class='ocrx_word' id='word_1_136' title='bbox 1315 2010 1506 2066; x_wconf 85' lang='lat' dir='ltr'><strong>Araxe,</strong></span> 
     </span>
     <span class='ocr_line' id='line_1_23' title="bbox 272 2095 1486 2160; baseline -0.001 -16"><span class='ocrx_word' id='word_1_137' title='bbox 272 2097 416 2160; x_wconf 89' lang='lat' dir='ltr'><strong>inpia</strong></span> <span class='ocrx_word' id='word_1_138' title='bbox 441 2110 534 2144; x_wconf 93' lang='lat' dir='ltr'><strong>nec</strong></span> <span class='ocrx_word' id='word_1_139' title='bbox 560 2095 721 2144; x_wconf 87' lang='lat' dir='ltr'><strong>saevis</strong></span> <span class='ocrx_word' id='word_1_140' title='bbox 747 2096 1013 2143; x_wconf 88' lang='lat' dir='ltr'><strong>celebrans</strong></span> <span class='ocrx_word' id='word_1_141' title='bbox 1041 2096 1273 2144; x_wconf 85' lang='lat' dir='ltr'><strong>convivia</strong></span> <span class='ocrx_word' id='word_1_142' title='bbox 1297 2096 1486 2144; x_wconf 88' lang='lat' dir='ltr'><strong>mensis</strong></span> 
     </span>
    </p>

    <p class='ocr_par' dir='ltr' id='par_1_9' title="bbox 149 2183 1562 2249">
     <span class='ocr_line' id='line_1_24' title="bbox 149 2183 1562 2249; baseline -0.001 -15"><span class='ocrx_word' id='word_1_143' title='bbox 149 2195 243 2236; x_wconf 80' lang='lat'><strong>145</strong></span> <span class='ocrx_word' id='word_1_144' title='bbox 275 2186 480 2249; x_wconf 82' lang='lat' dir='ltr'><strong>(ultima</strong></span> <span class='ocrx_word' id='word_1_145' title='bbox 504 2184 698 2232; x_wconf 89' lang='lat' dir='ltr'><strong>vicinus</strong></span> <span class='ocrx_word' id='word_1_146' title='bbox 723 2183 938 2232; x_wconf 84' lang='lat' dir='ltr'><strong>Phoebo</strong></span> <span class='ocrx_word' id='word_1_147' title='bbox 965 2191 1107 2232; x_wconf 89' lang='lat' dir='ltr'><strong>tenet</strong></span> <span class='ocrx_word' id='word_1_148' title='bbox 1131 2184 1274 2247; x_wconf 82' lang='lat' dir='ltr'><strong>arva)</strong></span> <span class='ocrx_word' id='word_1_149' title='bbox 1302 2184 1562 2232; x_wconf 83' lang='lat' dir='ltr'><strong>Padaeus:</strong></span> 
     </span>
    </p>
   </div>
   <div class='ocr_carea' id='block_1_4' title="bbox 275 2271 1778 2337">
    <p class='ocr_par' dir='ltr' id='par_1_10' title="bbox 275 2271 1778 2337">
     <span class='ocr_line' id='line_1_25' title="bbox 275 2271 1778 2337; baseline -0.002 -16"><span class='ocrx_word' id='word_1_150' title='bbox 275 2287 480 2337; x_wconf 86' lang='lat' dir='ltr'><strong>quaque</strong></span> <span class='ocrx_word' id='word_1_151' title='bbox 493 2273 694 2321; x_wconf 88' lang='lat' dir='ltr'><strong>Hebrus</strong></span> <span class='ocrx_word' id='word_1_152' title='bbox 704 2272 1002 2336; x_wconf 85' lang='lat' dir='ltr'><strong>Tanaisque</strong></span> <span class='ocrx_word' id='word_1_153' title='bbox 1018 2271 1172 2321; x_wconf 86' lang='lat' dir='ltr'><strong>Getas</strong></span> <span class='ocrx_word' id='word_1_154' title='bbox 1187 2272 1319 2335; x_wconf 82' lang='lat' dir='ltr'><strong>rigat</strong></span> <span class='ocrx_word' id='word_1_155' title='bbox 1331 2280 1486 2335; x_wconf 87' lang='lat' dir='ltr'><strong>atque</strong></span> <span class='ocrx_word' id='word_1_156' title='bbox 1497 2272 1778 2334; x_wconf 82' lang='lat' dir='ltr'><strong>Magynos,</strong></span> 
     </span>
    </p>
   </div>
   <div class='ocr_carea' id='block_1_5' title="bbox 153 2359 1703 2689">
    <p class='ocr_par' dir='ltr' id='par_1_11' title="bbox 274 2359 1703 2597">
     <span class='ocr_line' id='line_1_26' title="bbox 274 2359 1703 2425; baseline -0.001 -16"><span class='ocrx_word' id='word_1_157' title='bbox 274 2362 399 2425; x_wconf 88' lang='lat' dir='ltr'><strong>quid</strong></span> <span class='ocrx_word' id='word_1_158' title='bbox 425 2360 632 2409; x_wconf 81' lang='lat' dir='ltr'><strong>moror?</strong></span> <span class='ocrx_word' id='word_1_159' title='bbox 671 2359 910 2410; x_wconf 85' lang='lat' dir='ltr'><strong>Oceanus</strong></span> <span class='ocrx_word' id='word_1_160' title='bbox 937 2369 1099 2424; x_wconf 89' lang='lat' dir='ltr'><strong>ponto</strong></span> <span class='ocrx_word' id='word_1_161' title='bbox 1126 2376 1229 2424; x_wconf 83' lang='lat' dir='ltr'><strong>qua</strong></span> <span class='ocrx_word' id='word_1_162' title='bbox 1254 2361 1483 2409; x_wconf 88' lang='lat' dir='ltr'><strong>continet</strong></span> <span class='ocrx_word' id='word_1_163' title='bbox 1508 2361 1703 2419; x_wconf 90' lang='lat' dir='ltr'><strong>orbem,</strong></span> 
     </span>
     <span class='ocr_line' id='line_1_27' title="bbox 277 2448 1504 2512; baseline -0.001 -15"><span class='ocrx_word' id='word_1_164' title='bbox 277 2450 423 2497; x_wconf 86' lang='lat' dir='ltr'><strong>nulla</strong></span> <span class='ocrx_word' id='word_1_165' title='bbox 446 2449 539 2497; x_wconf 91' lang='lat' dir='ltr'><strong>tibi</strong></span> <span class='ocrx_word' id='word_1_166' title='bbox 565 2448 789 2498; x_wconf 86' lang='lat' dir='ltr'><strong>adversis</strong></span> <span class='ocrx_word' id='word_1_167' title='bbox 818 2450 963 2512; x_wconf 85' lang='lat' dir='ltr'><strong>regio</strong></span> <span class='ocrx_word' id='word_1_168' title='bbox 992 2464 1103 2498; x_wconf 91' lang='lat' dir='ltr'><strong>sese</strong></span> <span class='ocrx_word' id='word_1_169' title='bbox 1129 2450 1309 2498; x_wconf 85' lang='lat' dir='ltr'><strong>offeret</strong></span> <span class='ocrx_word' id='word_1_170' title='bbox 1332 2449 1504 2497; x_wconf 79' lang='lat' dir='ltr'><strong>armis,</strong></span> 
     </span>
     <span class='ocr_line' id='line_1_28' title="bbox 275 2537 1541 2597; baseline -0.002 -11"><span class='ocrx_word' id='word_1_171' title='bbox 275 2546 326 2586; x_wconf 91' lang='lat' dir='ltr'><strong>te</strong></span> <span class='ocrx_word' id='word_1_172' title='bbox 349 2546 522 2585; x_wconf 86' lang='lat' dir='ltr'><strong>manet</strong></span> <span class='ocrx_word' id='word_1_173' title='bbox 546 2538 765 2586; x_wconf 85' lang='lat' dir='ltr'><strong>invictus</strong></span> <span class='ocrx_word' id='word_1_174' title='bbox 791 2537 1027 2586; x_wconf 88' lang='lat' dir='ltr'><strong>Romano</strong></span> <span class='ocrx_word' id='word_1_175' title='bbox 1052 2538 1218 2585; x_wconf 86' lang='lat' dir='ltr'><strong>Marte</strong></span> <span class='ocrx_word' id='word_1_176' title='bbox 1242 2537 1541 2597; x_wconf 86' lang='lat' dir='ltr'><strong>Britannus,</strong></span> 
     </span>
    </p>

    <p class='ocr_par' dir='ltr' id='par_1_12' title="bbox 153 2625 1422 2689">
     <span class='ocr_line' id='line_1_29' title="bbox 153 2625 1422 2689; baseline -0.002 -14"><span class='ocrx_word' id='word_1_177' title='bbox 153 2634 248 2676; x_wconf 80' lang='lat'><strong>150</strong></span> <span class='ocrx_word' id='word_1_178' title='bbox 279 2632 433 2689; x_wconf 87' lang='lat' dir='ltr'><strong>teque</strong></span> <span class='ocrx_word' id='word_1_179' title='bbox 456 2626 724 2675; x_wconf 87' lang='lat' dir='ltr'><strong>interiecto</strong></span> <span class='ocrx_word' id='word_1_180' title='bbox 759 2627 936 2675; x_wconf 88' lang='lat' dir='ltr'><strong>mundi</strong></span> <span class='ocrx_word' id='word_1_181' title='bbox 964 2640 1081 2689; x_wconf 88' lang='lat' dir='ltr'><strong>pars</strong></span> <span class='ocrx_word' id='word_1_182' title='bbox 1107 2627 1270 2674; x_wconf 87' lang='lat' dir='ltr'><strong>altera</strong></span> <span class='ocrx_word' id='word_1_183' title='bbox 1292 2625 1422 2673; x_wconf 87' lang='lat' dir='ltr'><strong>sole.</strong></span> 
     </span>
    </p>
   </div>
  </div>
 </body>
</html>
