1942 3000
808 155 983 193 mmm
1015 155 1127 193 1111.
1590 147 1692 201 183

250 311 483 374 amplior,
516 319 605 359 aut
630 311 832 374 signata
856 311 955 359 cita
979 313 1098 360 loca
1121 319 1333 374 tangere
1355 311 1549 359 funda?

249 399 350 446 iam
374 400 522 447 simul
548 400 756 447 audacis
783 400 991 447 venient
1015 401 1295 448 certamina
1319 401 1518 459 Martis,

250 488 576 550 adversisque
602 495 787 550 parent
811 487 944 535 acies
972 502 1279 536 concurrere
1305 488 1483 551 signiS,

124 583 223 624 100
252 584 358 624 tum
381 577 470 623 tibi
497 591 603 625 non
631 576 762 624 desit
784 576 970 623 faciem
997 590 1290 638 conponere
1316 590 1538 639 pugnae,

250 678 341 712 seu
368 665 433 713 sit
460 679 587 727 opus
615 664 919 726 quadratum
943 663 1081 711 acies
1109 664 1361 712 consistat
1385 664 1438 712 in
1465 678 1668 727 agmen,

248 760 416 801 rectus
444 761 500 801 ut
523 752 752 815 aequatis
779 752 1016 800 decurrat
1040 752 1293 800 frontibus
1321 753 1467 812 ord0‚

250 855 341 889 seu
364 842 525 889 libeat
547 841 803 903 duplicem
830 841 1100 888 seiunctim
1126 855 1334 889 cernere
1360 842 1594 900 Martem,

252 929 429 977 dexter
452 930 526 977 uti
551 930 753 977 laevum
778 936 950 977 teneat
976 929 1313 992 dextrumque
1338 930 1543 977 sinister

122 1025 220 1065 105
250 1018 393 1065 miles
421 1018 590 1080 sitque
616 1018 808 1079 duplex
832 1017 1025 1079 gemini
1050 1017 1262 1065 victoria
1289 1032 1456 1066 casus,

320 1112 373 1152 at
397 1119 503 1152 non
530 1120 621 1168 per
644 1106 826 1153 dubias
854 1113 1026 1153 errant
1051 1121 1167 1154 mea
1192 1107 1422 1154 carmina
1447 1106 1654 1154 laudes:

248 1208 369 1241 nam
396 1193 541 1241 bellis
568 1201 778 1256 experta
802 1208 953 1242 cano.
1033 1193 1174 1242 testis
1198 1194 1322 1242 mihi
1347 1195 1510 1242 victae

247 1281 394 1328 fortis
418 1280 660 1343 Iapydiae
684 1281 849 1340 miles,
882 1282 1028 1330 testis
1056 1296 1264 1344 quoque
1288 1282 1449 1330 fallax

245 1368 550 1417 Pannonius
577 1349 785 1430 gelidas·
798 1370 991 1431 passim
1020 1370 1261 1418 disiectus
1287 1370 1341 1417 in
1368 1370 1548 1432 Alpes,

121 1464 218 1506 110
247 1457 389 1505 testis
413 1457 662 1520 Arupinis
691 1464 741 1506 et
765 1472 962 1521 pauper
984 1465 1136 1507 natus
1162 1458 1215 1506 in
1240 1458 1388 1517 arvi8,

247 1560 402 1608 quem
428 1546 587 1607 siquis
615 1546 784 1595 videat
810 1555 952 1595 vetus
980 1554 1037 1594 ut
1058 1562 1168 1595 non
1192 1547 1402 1609 fregerit
1426 1554 1585 1605 aetnae,

246 1643 394 1683 terna
418 1635 589 1682 minus
616 1635 792 1696 Pyliae
817 1637 1029 1683 miretur
1052 1636 1261 1684 saecula
1284 1635 1469 1683 famae.

245 1731 451 1771 centum
475 1723 724 1771 fecundos
752 1724 905 1772 Titan
932 1724 1255 1773 renovaverit
1278 1737 1461 1784 annos,

246 1812 357 1874 ipse
382 1819 553 1859 tamen
580 1812 731 1860 velox
756 1814 977 1860 celerem
1002 1826 1157 1874 super
1183 1812 1332 1860 edere
1359 1826 1544 1874 corpus

117 1908 138 1948 1
155 1908 177 1948 1
193 1908 217 1946 5
246 1900 436 1961 gaudet
460 1913 650 1962 equum
674 1901 959 1963 validisque
986 1900 1129 1948 sedet
1152 1900 1444 1947 moderator
1457 1899 1690 1948 habenis,

247 1996 298 2036 te
322 1989 450 2036 duce
477 2003 585 2036 non
611 1989 737 2037 alias
766 2003 1043 2037 conversus
1069 1996 1213 2051 terga
1239 1989 1473 2036 domator

245 2076 409 2123 libera
434 2076 701 2124 Romanae
727 2077 945 2125 subiecit
969 2077 1106 2124 colla
1131 2083 1358 2124 catenae.

319 2178 415 2212 nec
439 2172 611 2212 tamen
638 2165 714 2213 his
743 2172 1015 2213 contentus
1045 2165 1172 2213 eris:
1216 2164 1411 2213 maiora
1436 2164 1654 2227 peractis

244 2252 460 2312 instant,
495 2261 797 2315 conpertum
824 2261 900 2301 est
924 2253 1191 2301 veracibus
1217 2260 1275 2300 ut
1298 2253 1422 2300 mihi
1449 2252 1628 2315 signis,

115 2348 212 2389 120
245 2340 357 2402 quis
383 2340 760 2402 Amythaonius
786 2348 1014 2403 nequeat
1040 2349 1234 2389 certare
1256 2341 1564 2404 MelampuS.

244 2444 365 2477 nam
389 2429 543 2476 modo
568 2430 852 2491 fulgentem
876 2429 1032 2490 Tyrio
1059 2430 1380 2491 subtegmine
1405 2437 1595 2477 vestem

244 2517 482 2564 indueras
510 2517 707 2565 oriente
732 2517 815 2564 die
841 2517 970 2565 duce
996 2517 1178 2565 fertilis
1203 2517 1345 2576 anni,

244 2604 561 2668 splendidior
585 2604 791 2667 liquidis
819 2620 936 2653 cum
962 2606 1054 2655 Sol
1083 2613 1238 2668 caput
1263 2606 1445 2653 extulit
1467 2606 1619 2653 undis
