1942 3000
761 178 939 217 mmm
969 177 1078 215 1111.
1558 171 1666 221 313

182 335 386 386 Coclitis
414 337 669 386 abscissos
696 342 911 384 testatur
937 335 1348 396 semita‘ponteS,

249 433 322 473 cst
349 425 431 473 cui
460 439 752 486 cognomen
778 437 960 472 corvus
988 423 1178 471 habere
1204 421 1363 470 dedit.

80 522 140 562 65
179 514 302 562 haec
340 513 390 560 di
433 512 795 572 condiderant,
837 513 966 560 haec
1003 511 1054 558 di
1088 524 1297 573 quoque
1329 509 1537 558 moenia
1573 522 1683 556 ser-

386 610 531 650 vant:

247 690 333 737 vix
357 690 537 738 timeat
562 689 704 737 salvo
734 686 956 736 Caesare
982 686 1149 735 Roma
1172 687 1363 734 Iovem.

179 793 314 828 nunc
341 778 426 826 ubi
455 777 728 840 Scipiadae
754 777 963 834 classeS,
996 774 1086 822 ubi
1113 774 1263 836 signa
1290 771 1515 831 Camilli,

249 875 336 915 aut
361 867 517 914 modo
543 865 794 929 Pompeia
815 864 1056 943 pospore
1083 869 1236 932 capta
1259 861 1452 910 manu?

177 956 465 1004 Leucadius
492 969 663 1003 versas
689 953 826 1002 acies
851 952 1160 1000 memorabit
1182 950 1402 1013 Apollo,

25 1089 26 1094 ,
76 1053 138 1094 70
248 1053 448 1093 tantum
473 1044 644 1106 operis
672 1043 796 1091 belli
821 1042 1032 1091 sustulit
1059 1055 1162 1089 una
1186 1041 1313 1088 dies.

177 1141 228 1181 at
252 1143 325 1192 tu,
359 1134 464 1181 sive
488 1141 631 1197 petes
657 1140 835 1196 portus
864 1146 974 1192 seu,
1007 1131 1197 1189 navita,
1230 1130 1460 1192 linques»,

249 1212 485 1270 Caesaris
512 1222 567 1270 in
593 1230 703 1270 toto
730 1222 797 1270 sis
825 1236 1022 1270 memor
1044 1221 1214 1268 Ionio.

867 1660 987 1709 XII.

177 1841 443 1901 Postume,
476 1841 763 1903 plorantem
789 1838 1001 1903 potuisti
1028 1838 1267 1901 linquere
1293 1838 1520 1897 Gallam,

247 1928 398 1976 miles
426 1935 476 1976 et
498 1928 722 1990 Augusti
749 1927 905 1976 fortia
931 1927 1081 1989 signa
1107 1926 1290 1987 sequi?

177 2016 379 2064 tantine
403 2016 513 2064 ulla
536 2016 635 2063 fuit
660 2015 870 2078 spoliati
898 2015 1068 2076 gloria
1091 2013 1288 2073 Parthi,

250 2118 316 2152 ne
345 2104 541 2151 faceres
571 2102 723 2152 Galla
748 2102 912 2151 multa
935 2110 1153 2164 rogante
1180 2102 1302 2150 tua?

106 2202 132 2242 5
178 2193 222 2240 si
249 2192 328 2240 fas
355 2200 449 2251 est,
482 2205 659 2241 omnes
687 2192 878 2255 pariter
903 2192 1122 2255 pereatis
1151 2192 1309 2252 avari,

252 2288 302 2329 et
327 2280 563 2342 quisquis
593 2280 694 2328 fido
722 2279 965 2342 praetulit
990 2293 1132 2327 arma
1159 2287 1274 2328 toro
1296 2281 1309 2328 1

177 2376 235 2415 tu
263 2377 434 2416 tamen
461 2368 652 2417 iniecta
676 2376 859 2426 tectae,
890 2382 1096 2428 vesane,
1129 2369 1339 2416 lacerna

250 2456 454 2519 potabis
481 2457 631 2519 galea
654 2458 820 2505 fessus
845 2457 1035 2506 Araxis
1061 2472 1266 2519 aquam.

174 2545 272 2594 illa
298 2545 508 2609 quidem
533 2545 731 2594 interea
756 2544 896 2593 fama
926 2546 1152 2594 tabescet
1174 2545 1337 2606 inani,

64 2644 130 2686 10
249 2634 379 2682 haec
405 2642 494 2683 tua
520 2648 586 2684 ne
613 2635 771 2684 virtus
798 2636 888 2684 fiat
911 2650 1087 2684 amara
1111 2635 1225 2693 tibi,
