1942 3000
91 310 153 350 40

83 753 148 793 45

27 1161 32 1204 J
76 1192 139 1232 50

71 1636 135 1676 55

69 2075 132 2115 60

60 2516 132 2556 65

802 148 1121 216 mmmv.¹
1224 139 1233 148 '
1324 215 1337 226 ἱ
1582 115 1765 240 :237⁸

263 316 293 349 o
320 301 462 367 quali
490 310 633 350 vecta
661 309 735 350 cst
758 303 1002 352 Dardana
1028 306 1217 368 puppis
1228 283 1367 358 ‘avel

191 390 291 437 iam
318 390 448 437 bene
475 391 800 452 spondebant
824 399 947 441 tunc
974 393 1168 453 omina,
1201 395 1339 456 quod
1365 395 1494 443 nihil
1520 395 1665 445 illam

260 480 479 528 laeserat
504 480 709 543 abiegni
735 489 908 529 venter
932 490 1139 544 apertus
1168 484 1307 545 equi,

191 583 304 616 cum
330 577 474 630 pater
497 569 551 617 in
578 570 721 631 gnati
744 570 971 632 trepidus
1000 571 1199 619 cerviee
1222 572 1465 634 pependit

259 664 308 704 et
334 657 492 706 verita
518 665 594 705 est
621 672 825 706 umeros
850 672 1003 705 urere
1026 659 1231 707 flamma
1256 660 1386 722 pios,

188 753 310 793 tunc
335 745 492 793 animi
517 759 698 793 venere
724 745 854 793 Deci
880 745 1133 807 Brutique
1160 761 1381 806 secureS,

257 832 393 879 vexit
418 838 468 878 et
493 832 608 894 ipsa
634 831 714 878 sui
741 830 979 879 Caesaris
1006 846 1148 879 arma
1173 832 1371 890 Venae,

185 935 328 967 arma
354 919 664 980 resurgentis
696 926 908 981 portans
941 920 1168 969 victricia
1192 921 1396 970 Troiae.

255 1006 380 1053 felix
405 1013 541 1054 terra
565 1013 683 1054 tuos
711 1007 862 1068 cepit,
895 1008 1027 1067 Iule,
1059 1008 1202 1068 deos,

184 1095 227 1143 si
253 1095 406 1141 modo
430 1094 701 1144 Avernalis
728 1096 978 1143 tremulae
1006 1097 1205 1145 cortina
1232 1098 1460 1160 Sibyllae

256 1181 385 1229 dixit
407 1182 667 1230 Aventino
694 1197 812 1230 rura
836 1183 1031 1244 pianda
1054 1184 1234 1244 Remo,

183 1278 272 1317 aut
296 1269 337 1316 si
365 1270 674 1331 Pergameae
700 1285 815 1318 sero
842 1279 954 1319 rata
980 1272 1206 1319 carmina
1232 1273 1360 1321 vatis

253 1359 563 1419 longaevum
589 1359 653 1406 ad
680 1358 867 1406 Priami
893 1373 1012 1407 vera
1038 1359 1181 1407 fuere
1206 1370 1376 1422 caput,

179 1447 388 1495 ‘vertite
417 1460 623 1510 equum,
657 1446 856 1495 Danai!
899 1447 1035 1495 male
1060 1447 1290 1495 vincitis:
1333 1448 1428 1495 Ilia
1454 1450 1606 1497 tellus

254 1537 384 1584 vivet
411 1543 460 1584 ct
486 1536 607 1584 huic
634 1536 793 1583 cineri
817 1536 1051 1599 Iuppiter
1074 1551 1215 1585 arma
1239 1537 1420 1584 dabit?

182 1625 377 1688 optima
402 1625 659 1672 nutricum
685 1625 873 1672 nostris
900 1625 1024 1687 lupa
1048 1625 1235 1672 Martia
1259 1626 1428 1684 rebuS‚

253 1713 424 1775 qualia
451 1720 716 1762 creverunt
740 1712 944 1760 moenia
968 1713 1103 1760 lacte
1129 1712 1247 1760 tuo!

179 1802 384 1849 moenia
410 1814 631 1862 namque
659 1800 745 1862 pio
774 1814 936 1848 conor
961 1800 1237 1863 disponere
1260 1814 1435 1848 versu:

251 1889 332 1937 hei
360 1889 485 1936 mihi
511 1888 648 1950 quod
677 1897 853 1936 nostro
881 1896 956 1936 est
984 1904 1168 1951 parvus
1194 1889 1249 1936 in
1276 1903 1364 1938 ore
1390 1892 1575 1938 sonus!

178 1978 267 2025 sed
294 1985 466 2025 tamen
492 1977 681 2038 exiguo
708 1978 1069 2040 quodcumque
1097 1992 1125 2024 e
1150 1985 1357 2040 pectore
1383 1977 1474 2025 rivi

252 2066 473 2123 fluxerit,
506 2066 603 2112 hoc
630 2065 826 2127 patriae
849 2066 1036 2113 serviet
1060 2080 1212 2113 omne
1236 2079 1398 2113 meae.

175 2154 376 2202 Ennius
402 2154 601 2201 hirsuta
629 2153 803 2214 cingat
825 2169 921 2202 sua
945 2154 1083 2202 dicta
1109 2168 1329 2202 corona:
1540 2174 1561 2191 a

248 2244 318 2290 mi
345 2243 472 2291 folia
500 2257 562 2290 ex
592 2242 778 2291 hedera
803 2243 1027 2304 porrige,
1058 2242 1280 2301 Bacche,
1312 2250 1418 2301 tua,

175 2340 233 2379 ut
261 2332 452 2379 nostris
482 2330 759 2378 tumefacta
784 2330 1045 2391 superbiat
1068 2329 1281 2377 Umbria
1305 2329 1463 2388 libris,

247 2419 460 2467 Umbria
484 2417 703 2466 Romani
731 2417 896 2479 patria
920 2416 1241 2465 Callimachi.

175 2507 481 2555 scandentes
507 2507 667 2568 siquis
696 2513 869 2554 cernet
893 2505 954 2553 de
982 2505 1197 2552 vallibus
1223 2519 1384 2563 arceS,

246 2594 461 2656 ingenio
489 2609 663 2642 muros
690 2593 921 2643 aestimet
944 2591 1034 2640 ille
1059 2607 1192 2640 me0.

177 2697 350 2740 Probet-t.
401 2696 459 2732 ed.
482 2697 526 2732 ΙΙ.
1287 2704 1349 2745 22
