1942 3000
628 778 944 859 ALBII
1006 778 1461 860 TIBULLI

756 974 951 1038 LIBER
988 972 1340 1040 SECUNDUS.

1021 1188 1061 1236 Ι.

297 1381 540 1445 Quisquis
567 1382 728 1442 adest,
761 1382 955 1431 faveat:
1000 1382 1173 1445 fruges
1198 1383 1472 1444 lustramus
1501 1393 1550 1432 et
1576 1399 1754 1446 agrOS,

367 1472 492 1520 ritus
519 1479 575 1520 ut
599 1487 630 1520 a
655 1472 824 1536 priseo
851 1473 1067 1521 traditus
1092 1479 1233 1521 extat
1257 1486 1370 1520 avo,

294 1560 516 1620 Bacche,
550 1562 682 1621 veni⁷
717 1561 985 1623 dulcisque
1011 1561 1109 1608 tuis
1138 1575 1165 1608 e
1192 1562 1433 1609 cornibus
1462 1577 1558 1609 uva

367 1649 603 1711 pendeat,
636 1658 686 1698 et
711 1651 865 1713 spicis
894 1659 1123 1712 tempora
1150 1649 1315 1711 cinge,
1350 1648 1520 1698 Ceres.

228 1746 253 1785 5
295 1738 409 1786 luce
437 1752 582 1785 sacra
606 1739 892 1800 requiescat
917 1737 1118 1796 humus,
1152 1739 1434 1801 requiescat
1458 1748 1644 1798 arator,

368 1834 418 1873 et
443 1840 595 1889 grave
621 1840 870 1888 suspenso
898 1840 1101 1874 vomere
1129 1835 1289 1874 cesset
1316 1842 1463 1889 opus,

294 1913 477 1962 solvite
503 1914 670 1962 vincla
693 1913 853 1976 iugis:
899 1929 1037 1962 nunc
1064 1915 1129 1962 ad
1154 1916 1422 1978 praesepia
1447 1916 1634 1964 debent

366 2000 521 2064 plena
547 2010 793 2050 coronato
822 2010 953 2051 stare
982 2004 1135 2051 boves
1164 2004 1348 2067 eapite.

296 2089 469 2137 omnia
494 2090 598 2137 sint
624 2098 833 2152 operata
861 2091 987 2138 deo:
1033 2107 1137 2140 non
1164 2093 1350 2141 audeat
1377 2094 1482 2141 ulla

195 2185 253 2225 10
367 2178 623 2226 lanificam
650 2179 819 2240 pensis
846 2180 1141 2242 inposuisse
1164 2195 1390 2230 manum.

295 2280 384 2313 vos
413 2280 620 2328 quoque
645 2268 825 2316 abesse
851 2269 1032 2330 procul
1059 2269 1230 2329 iubeO‚
1264 2270 1494 2319 discedat
1519 2272 1582 2319 ab
1610 2273 1731 2330 πίε,

367 2354 448 2402 cui
472 2354 590 2402 tulit
616 2355 851 2404 hesterna
875 2358 1063 2419 gaudia
1090 2366 1242 2407 noete
1269 2358 1461 2408 VenuS.

295 2451 437 2491 easta
462 2442 666 2505 placent
691 2445 916 2507 superis:
962 2462 1091 2509 pura
1117 2461 1233 2494 eum
1258 2456 1394 2495 veste
1420 2449 1583 2497 venite

366 2539 414 2579 et
438 2531 674 2579 manibus
701 2533 838 2595 puris
865 2535 1048 2582 sumite
1074 2534 1231 2582 fontis
1257 2550 1461 2598 aquam.

192 2625 250 2668 15
293 2619 502 2678 cernite,
535 2619 791 2682 fulgentes
818 2631 873 2669 ut
900 2631 982 2670 eat
1008 2637 1151 2671 sacer
1175 2637 1339 2686 agnus
1366 2624 1430 2671 ad
1458 2639 1568 2672 aras
