1942 3000
826 164 1005 202 LIBER
1037 165 1076 202 1.

281 319 516 383 proxima
540 319 756 370 Misenis
783 335 1014 383 aequora
1040 320 1318 380 nobilibuS,

140 420 168 459 ει
209 408 370 457 nostri
397 424 521 457 cura
545 409 684 457 subit
707 423 957 458 memores
985 408 1051 457 ah
1081 409 1267 457 ducere
1291 410 1506 458 noctes?

281 498 456 560 ecquis
483 497 536 545 in
565 505 792 545 extremo
820 505 979 546 restat
1004 512 1177 546 amore
1203 497 1385 546 locus?

209 600 276 633 an
299 593 350 633 te
376 586 553 634 nescio
581 585 695 648 quis
722 586 973 634 simulatis
1000 585 1205 648 ignibus
1232 585 1395 634 hostis

279 674 487 722 sustulit
512 688 541 722 e
566 675 773 733 nostriS‚
806 674 1046 736 Cynthia,
1079 674 1424 723 carminibus?

209 769 363 825 atque
390 763 587 811 utinam
612 777 761 824 mage
787 772 838 812 te
862 763 1016 811 remis
1043 764 1240 811 confisa
1263 763 1474 811 minutis

107 859 128 898 ι
143 858 170 898 0
281 851 492 913 parvula
517 851 745 899 Lucrina
772 852 953 913 cymba
978 858 1207 899 moretur
1231 866 1384 913 aqua,

210 946 299 987 aut
323 947 496 988 teneat
522 940 749 988 clausam
775 940 916 988 tenui
941 940 1271 988 Teuthrantis
1297 939 1353 988 in
1380 940 1519 988 unda

281 1028 512 1076 alternae
536 1027 705 1076 facilis
735 1028 915 1076 cedere
941 1028 1150 1090 lympha
1174 1042 1349 1086 manu,

211 1129 367 1177 quam
391 1122 536 1163 vacet
559 1116 769 1163 alterius
799 1116 1017 1164 blandos
1045 1116 1222 1164 audire
1249 1130 1484 1164 susurros

281 1204 507 1253 molliter
530 1205 585 1253 in
612 1205 770 1252 tacito
796 1205 946 1253 litore
971 1205 1310 1267 conpositam,

106 1300 127 1340 1
144 1301 170 1341 5
211 1300 267 1341 ut
294 1292 426 1341 solet
450 1300 621 1341 amota
645 1293 750 1341 labi
778 1293 991 1341 custode
1016 1294 1189 1355 puella

281 1381 491 1445 perfida,
525 1396 822 1430 communes
849 1395 945 1429 nec
970 1381 1268 1429 meminisse
1293 1381 1445 1439 deos3

210 1484 318 1519 non
346 1470 467 1533 quia
491 1477 762 1534 perspecta
786 1483 895 1518 non
923 1483 976 1518 es
1003 1469 1128 1518 mihi
1154 1469 1363 1532 cognita
1382 1469 1536 1530 fama,

280 1560 368 1607 sed
396 1560 533 1622 quod
559 1560 614 1607 in
640 1559 740 1608 hac
767 1559 931 1607 omnis
959 1567 1107 1623 parte
1130 1567 1332 1608 veretur
1358 1573 1517 1607 amor.

210 1646 448 1708 ignosces
474 1647 647 1709 igitur,
681 1647 850 1709 siquid
876 1647 969 1694 tibi
996 1647 1139 1695 triste
1165 1647 1327 1695 libelli

102 1744 169 1785 20
283 1736 546 1785 attulerint
572 1736 766 1784 nostri:
813 1736 967 1797 culpa
993 1735 1191 1787 timoris
1221 1735 1334 1784 erit.

211 1826 276 1873 ah
303 1825 427 1873 mihi
454 1840 560 1873 non
586 1825 753 1872 maior
777 1838 928 1873 carae
957 1825 1195 1873 custodia
1217 1824 1397 1873 matris

282 1922 371 1962 aut
396 1914 507 1961 sine
531 1921 582 1962 to
607 1914 740 1962 vitae
766 1929 889 1962 cura
916 1914 983 1962 sit
1008 1913 1118 1961 ulla
1143 1927 1305 1962 meae.

210 2008 266 2049 tu
291 2001 414 2049 mihi
440 2002 554 2050 sola
579 2001 779 2061 domne,
811 2009 884 2061 tu,
920 2000 1157 2063 Cynthia,
1191 2002 1305 2049 sola
1332 2010 1590 2065 parentes,

283 2090 458 2138 omnia
483 2097 540 2137 tu
565 2098 773 2139 nostrae
800 2098 1036 2153 tempora
1063 2090 1309 2139 laetitiae.

102 2187 168 2227 25
210 2193 302 2228 seu
327 2178 485 2225 tristis
512 2177 713 2225 veniam
742 2191 834 2225 seu
860 2184 1045 2225 contra
1070 2177 1237 2226 laetus
1265 2177 1462 2233 amiciS‚

282 2265 532 2327 quidquid
559 2278 665 2322 erc,
698 2264 866 2312 dicam
889 2262 1130 2325 ‘Cynthia
1157 2278 1316 2312 causa
1341 2264 1479 2313 fuit.’

210 2361 267 2401 tu
291 2353 445 2401 modo
474 2367 630 2414 quam
654 2352 873 2414 primum
903 2359 1170 2414 corruptas
1198 2352 1376 2400 desere
1401 2351 1577 2400 BaiaS.

278 2442 452 2490 multis
477 2441 580 2489 ista
605 2440 799 2488 dabant
822 2440 974 2488 litora
1003 2440 1288 2499 discidium,

208 2530 365 2580 litora
391 2544 522 2593 quae
549 2528 754 2577 fuerant
781 2529 933 2576 castis
959 2529 1171 2577 inimica
1198 2528 1403 2592 puellis.

101 2628 166 2671 30
284 2619 351 2667 ah
376 2625 590 2682 pereant
614 2616 774 2665 Baiae
802 2618 996 2666 crimen
1021 2618 1212 2667 amoris
1241 2618 1439 2681 aquae!

1588 163 1700 214 215
