1942 3000
35 679 100 719 35

37 1120 98 1159 40

37 1564 99 1604 45

36 2008 98 2047 50

34 2450 96 2489 55

770 159 945 196 mmm
978 158 1017 196 1.
1538 153 1642 204 137

141 316 340 379 primus
366 316 668 378 inexpertae
694 316 945 364 commisit
970 316 1171 363 semina
1194 323 1361 364 terrae

217 418 475 468 pomaque
503 418 608 452 non
637 404 773 452 notis
801 405 927 467 legit
952 405 1017 452 ab
1044 404 1331 453 arboribus,

141 494 229 541 hic
256 494 434 541 docuit
459 501 685 542 teneram
711 494 840 556 palis
867 493 1151 555 adiungere
1175 492 1344 551 ritem,

218 582 301 630 hic
327 582 537 630 viridem
563 582 689 629 dura
714 582 924 629 caedere
950 582 1085 629 falce
1112 595 1339 628 comam:

142 670 220 718 illi
246 670 498 719 iucundos
525 671 744 734 primum
767 678 968 719 matura
994 684 1207 734 sapores

219 773 462 822 expressa
486 759 691 807 incultis
720 774 817 807 uva
841 760 980 807 dedit
1005 759 1240 820 pedibus,

142 847 234 895 ille
261 847 436 909 liquor
461 847 635 895 docuit
658 862 808 895 voces
836 847 1097 894 inflectere
1122 853 1294 905 cantu,

217 935 376 983 movit
401 942 449 982 et
476 935 541 982 ad
568 943 731 982 certos
760 935 932 984 nescia
958 934 1186 983 membra
1210 934 1412 992 modos,

142 1024 381 1072 Bacchus
411 1033 461 1071 et
486 1024 746 1085 agricolae
771 1040 959 1086 magno
990 1024 1227 1071 confecta
1254 1024 1433 1070 labore

219 1119 430 1173 pectora
453 1111 688 1160 tristitiae
714 1112 1045 1160 dissoluenda
1072 1112 1226 1159 dedit.

142 1200 382 1249 Bacchus
411 1208 459 1248 et
484 1201 698 1249 adflictis
727 1200 955 1263 requiem
979 1201 1279 1249 mortalibus
1307 1200 1490 1258 adfert,

218 1304 367 1337 crura
393 1290 514 1337 licet
539 1290 666 1337 dura
693 1290 939 1352 compede
963 1290 1115 1353 pulsa
1141 1297 1344 1337 sonent.

144 1391 254 1424 non
283 1377 372 1424 tibi
398 1386 517 1426 sunt
542 1378 708 1426 tristes
737 1391 888 1426 curae
915 1392 1011 1425 nec
1037 1377 1223 1436 luctus,
1257 1376 1413 1435 Osiri,

219 1465 310 1515 sed
337 1466 523 1515 chorus
544 1473 600 1515 et
625 1474 805 1515 cantus
833 1475 882 1514 et
906 1467 1031 1515 levis
1057 1473 1206 1529 aptus
1232 1478 1396 1525 amor,

145 1556 237 1604 sed
266 1556 385 1604 varii
412 1556 562 1605 flores
590 1564 640 1604 et
665 1556 807 1604 frons
834 1556 1069 1604 redimita
1096 1554 1367 1617 corymbiS,

218 1646 332 1692 fusa
361 1645 448 1693 sed
474 1645 538 1692 ad
565 1653 767 1693 teneros
795 1645 933 1692 lutea
957 1645 1099 1707 palla
1125 1644 1279 1706 pedes

146 1741 197 1781 et
222 1733 409 1795 Tyriae
433 1741 593 1781 vestes
622 1741 673 1781 et
697 1732 860 1781 dulcis
887 1733 1013 1781 tibia
1039 1740 1194 1781 cantu

219 1829 270 1868 et
295 1821 418 1869 Ievis
446 1820 660 1869 occultis
688 1821 897 1869 conscia
923 1822 1052 1869 cista
1077 1821 1253 1870 sacris.

142 1910 248 1958 huc
273 1910 393 1958 ades
422 1917 470 1957 et
495 1909 703 1971 genium
728 1910 851 1958 ludo
879 1911 1192 1973 geniumque
1219 1910 1423 1958 choreis

221 1999 525 2046 concelebra
552 2006 602 2046 et
627 2000 788 2046 multo
816 2006 1047 2061 tempora
1072 1999 1231 2047 funde
1255 2013 1425 2047 mero:

143 2088 288 2135 illius
317 2094 366 2135 et
392 2062 772 2136 nitido⁶stillent
799 2097 1065 2151 unguenta
1090 2089 1297 2151 capillo,

220 2182 271 2223 et
297 2176 464 2239 capite
489 2184 539 2224 et
565 2177 702 2225 collo
728 2178 906 2226 mollia
931 2185 1064 2226 serta
1090 2186 1250 2240 gerat.

143 2264 219 2312 sic
247 2263 422 2312 venias
450 2264 725 2312 hodierne:
769 2265 861 2312 tibi
889 2266 1005 2313 dem
1032 2266 1156 2314 turis
1184 2265 1425 2325 honor-ee,

218 2350 323 2397 liba
348 2358 398 2399 et
421 2351 702 2414 Mopsopio
729 2352 900 2400 dulcia
925 2353 1079 2401 melle
1103 2354 1283 2401 feram.

144 2447 198 2488 at
225 2439 317 2487 tibi
344 2448 634 2488 succrescat
657 2441 847 2502 proles,
879 2456 1013 2503 quae
1038 2443 1175 2490 facta
1201 2444 1428 2504 parentis

215 2536 406 2591 augeat
431 2539 481 2576 et
508 2529 642 2577 circa
667 2536 764 2577 stet
788 2531 1081 2578 veneranda
1106 2546 1297 2580 senem.

143 2631 242 2665 nec
269 2624 434 2667 taceat
458 2625 793 2666 monumenta
818 2618 946 2678 viae,
980 2633 1134 2680 quem
1157 2620 1384 2668 Tuscula
1410 2619 1562 2667 tellus
