1942 3000
244 165 350 217 362
829 167 1147 206 rnorem-11

239 324 533 387 Lygdamus
559 324 624 372 ad
650 324 879 385 cyathos,
909 323 1131 385 vitrique
1155 322 1349 371 aestiva
1373 323 1625 385 supellex,

313 419 363 461 et
385 413 732 475 Methymnaei
762 411 959 461 Graeca
984 411 1143 459 saliva
1167 412 1312 459 meri.

240 502 436 551 Nilotes
461 501 652 550 tibicen
679 509 805 560 erat,
838 500 1148 549 crotalistria
1171 500 1368 560 Phidia,

135 595 208 636 40·
314 596 365 636 et
388 588 553 637 facilis
580 589 754 652 spargi
778 589 970 637 munda
997 588 1107 636 sine
1133 596 1241 636 arte
1265 602 1401 636 rosa.

241 691 407 725 nanus
435 684 485 724 et
508 677 619 739 ipse
644 691 764 725 suos
791 677 1012 725 breviter
1035 685 1305 725 concretus
1331 677 1386 725 in
1417 685 1555 725 artus

311 765 535 813 iactabat
558 773 765 813 truncas
792 766 858 813 ad
883 780 1008 813 cava
1033 766 1172 813 buxa
1195 779 1398 813 manus.

242 853 332 901 sed
357 867 525 916 neque
549 853 798 916 suppletis
827 854 1100 901 constabat
1124 852 1329 899 flamma
1354 851 1599 911 lucernis,

312 940 523 989 reccidit
545 941 705 1002 inque
731 954 853 988 suos
880 953 1060 987 mensa
1084 940 1272 1002 supina
1295 939 1470 1002 pedes.

134 1036 200 1077 45
240 1042 322 1076 me
348 1041 555 1090 quoque
581 1041 674 1090 per
698 1028 831 1076 talos
862 1027 1114 1075 Venerem
1139 1036 1416 1089 quaerente
1442 1026 1703 1076 secundos

312 1129 514 1178 semper
539 1115 773 1164 damnosi
797 1115 1085 1163 subsiluere
1110 1128 1281 1163 canes.

242 1205 520 1253 cantabant
544 1203 717 1263 surde,
748 1204 1016 1251 nudabant
1040 1209 1249 1266 pectora
1274 1216 1455 1250 caeco:

312 1291 531 1340 Lanuvii
557 1291 622 1339 ad
648 1298 842 1355 portaS,
875 1291 958 1339 hei
984 1291 1127 1349 mihi,
1159 1290 1301 1337 solus
1327 1304 1495 1348 eram3

244 1394 361 1428 cum
384 1380 554 1427 subito
582 1380 722 1428 rauci
748 1386 1033 1427 sonuerunt
1059 1377 1264 1426 cardine
1289 1385 1480 1440 postes,

139 1477 202 1518 50
314 1477 362 1518 et
387 1468 517 1518 levia
542 1468 606 1517 ad
632 1468 824 1532 primos
851 1482 1113 1516 murmura
1136 1466 1274 1515 facta
1300 1466 1453 1515 lareS.

243 1571 338 1606 nec
363 1571 526 1616 mora,
560 1572 677 1606 cum
700 1565 837 1606 totas
863 1556 1126 1619 resupinat
1152 1554 1372 1617 Cynthia
1397 1554 1587 1612 valvaS‚

315 1660 424 1694 non
449 1660 669 1708 operosa
694 1645 872 1705 comi8‚
904 1644 992 1693 sed
1019 1643 1295 1691 furibunda
1321 1642 1523 1690 decens.

243 1735 434 1797 pocula
457 1734 527 1781 mi
552 1734 740 1795 digitos
765 1734 899 1781 inter
923 1732 1153 1780 cecidere
1176 1731 1418 1779 remissos

314 1823 714 1885 palluerantque
738 1820 852 1882 ipso
878 1821 1024 1867 labra
1049 1819 1218 1868 soluta
1244 1831 1403 1866 mero,

141 1893 203 1959 55
245 1909 487 1958 fulminat
511 1908 603 1956 illa
629 1906 790 1955 oculis
819 1914 869 1954 et
894 1916 1145 1969 quantum
1169 1905 1364 1954 femina
1389 1905 1578 1954 saevit:

315 1997 629 2060 spectaclum
656 2003 807 2057 capta
832 2009 927 2044 nec
951 1996 1120 2043 minus
1147 1996 1274 2043 urbe
1300 1994 1415 2042 fuit.

243 2084 508 2148 Phyllidos
532 2084 688 2131 iratos
716 2084 770 2130 in
795 2084 992 2131 vultum
1017 2083 1208 2131 conicit
1230 2096 1457 2145 ungues:

314 2172 490 2221 territa
513 2172 705 2220 vicinas
732 2172 858 2220 Teia
884 2172 1072 2220 clamat
1096 2185 1276 2232 aquas.

244 2262 440 2309 lumina
466 2261 662 2322 sopitos
690 2261 899 2308 turbant
924 2261 1059 2307 elata
1085 2257 1330 2318 QuiriteS,

140 2352 202 2393 60
316 2346 481 2394 omnis
509 2353 558 2394 et
582 2347 766 2394 insana
790 2347 970 2394 semita
996 2354 1148 2394 nocte
1174 2353 1342 2399 sonat.

237 2430 354 2479 illas
382 2430 695 2492 direptisque
721 2432 880 2479 comis
906 2431 1198 2492 tunicisque
1225 2432 1409 2481 solutis

315 2516 506 2578 excipit
533 2518 782 2565 obscurae
807 2518 972 2579 prima
998 2518 1213 2566 taberna
1237 2519 1364 2567 viae.

244 2600 465 2663 Cynthia
491 2603 680 2665 gaudet
702 2604 757 2652 in
782 2605 977 2653 exuviis
1003 2604 1290 2669 victrixque
1314 2608 1529 2656 recurrit

1908 107 1928 278 ‘-=
