1942 3000
868 144 1047 183 menn
1077 145 1116 182 1.
1639 142 1744 193 119

316 301 569 363 supplice,
602 315 720 349 cum
744 300 878 363 posti
904 300 1088 349 florida
1113 308 1250 349 serta
1274 300 1467 350 darem.

142 397 201 438 ιτ)
244 397 302 438 tu
329 404 539 451 quoque
564 403 630 437 ue
656 388 832 437 timide
857 389 1115 448 custodeS,
1145 389 1315 449 Delia,
1346 389 1489 437 falle.

315 477 610 525 audendum
635 485 739 525 est:
777 477 935 525 fortes
963 478 1171 525 adiuvat
1194 477 1308 540 ipsa
1332 477 1529 527 Venus.

239 566 335 615 illa
359 566 511 625 favet,
544 580 637 614 seu
662 567 776 628 quis
801 566 998 614 iuvenis
1025 581 1159 615 nova
1183 567 1364 615 limina
1388 574 1620 630 temptat,

317 668 408 703 seu
434 662 628 702 reserat
654 656 756 703 fixo
785 655 936 703 dente
961 655 1137 718 puella
1162 654 1328 703 fores:

242 743 337 791 illa
363 743 513 791 docet
536 741 712 792 furtim
738 743 884 791 molli
912 742 1159 791 decedere
1185 743 1337 802 lect0‚

141 838 206 878 20
314 831 408 879 illa
432 831 614 893 pedem
639 831 784 880 nullo
811 844 1006 894 ponere
1031 845 1185 894 posse
1214 846 1363 892 son0‚

249 919 339 968 illa
364 921 470 969 viro
498 935 672 968 eoram
697 928 852 968 nutus
880 920 1116 969 conferre
1141 920 1387 983 loquaces

319 1009 610 1072 blandaque
636 1010 918 1073 conpositis
945 1010 1133 1058 abdere
1157 1011 1311 1058 verba
1336 1010 1489 1059 notis.

249 1110 341 1147 nec
367 1098 520 1146 docet
543 1098 644 1147 hoc
670 1098 854 1158 omme,
886 1099 976 1147 sed
1002 1113 1134 1161 quos
1162 1112 1258 1148 nec
1284 1099 1470 1147 inertia
1494 1098 1663 1148 tardat

141 1193 205 1233 24
322 1199 413 1234 nee
440 1192 579 1235 vetat
604 1187 823 1235 obseura
848 1201 1061 1249 surgere
1087 1195 1238 1235 nocte
1263 1187 1434 1235 timor.

250 1288 315 1322 en
339 1288 433 1336 ego
461 1290 578 1323 cum
601 1274 826 1324 tenebris
852 1282 963 1323 tota
989 1290 1147 1338 vagor
1170 1275 1357 1323 auxius
1385 1278 1527 1334 urbe,

142 1459 207 1499 25
251 1464 347 1499 nec
371 1451 490 1499 sinit
515 1459 754 1502 occurrat
779 1450 1054 1515 quisquam
1080 1450 1169 1515 qui
1197 1465 1417 1515 corpora
1439 1451 1577 1502 ferro

322 1541 552 1589 vulneret
574 1549 664 1589 aut
689 1548 836 1603 rapta
860 1540 1091 1603 praemia
1116 1547 1253 1588 veste
1276 1548 1433 1603 petat.

250 1629 479 1692 quisquis
508 1644 681 1678 amore
707 1637 925 1689 tenetur,
959 1638 1043 1678 eat
1067 1638 1310 1693 tutusque
1333 1644 1582 1693 sacerque

320 1720 574 1782 qualibet:
617 1719 830 1768 insidias
857 1734 964 1767 non
992 1719 1224 1767 timuisse
1252 1718 1413 1767 decet.

251 1822 357 1855 non
382 1808 505 1856 mihi
532 1808 680 1871 pigra
705 1814 894 1856 nocent
919 1807 1166 1855 hibernae
1192 1807 1387 1869 frigora
1414 1807 1598 1867 noetiS,

145 1902 207 1943 30
322 1911 427 1944 non
454 1895 596 1955 mihi,
634 1910 750 1943 cum
776 1896 939 1943 multa
964 1894 1151 1943 decidit
1175 1895 1339 1943 imber
1364 1910 1517 1957 aqua.

250 1998 356 2032 non
383 1984 532 2032 labor
555 1984 639 2032 hic
665 1983 838 2043 laedit,
870 1990 1065 2032 reseret
1089 1984 1242 2031 modo
1269 1983 1422 2032 Delia
1448 1991 1619 2046 postes

323 2081 372 2121 et
396 2081 544 2121 vocet
567 2073 631 2120 ad
659 2072 807 2135 digiti
831 2087 914 2121 me
938 2072 1195 2121 taciturna
1220 2087 1423 2122 sonum.

250 2160 444 2223 parcite
468 2159 767 2217 luminibus,
797 2174 888 2207 seu
916 2160 991 2207 vir
1015 2173 1107 2208 seu
1131 2160 1322 2208 femina
1348 2160 1436 2209 fiat

322 2247 498 2297 obvia:
544 2248 700 2296 celari
724 2248 832 2296 vult
857 2264 950 2296 sua
977 2248 1114 2296 furta
1136 2249 1335 2296 Venus.

146 2346 209 2387 35
251 2352 353 2387 neu
379 2337 596 2401 strepitu
623 2345 806 2386 terrete
830 2338 1036 2400 pedum,
1069 2351 1172 2385 neu
1198 2339 1427 2400 quaerite
1453 2351 1666 2397 nomen,

322 2442 426 2476 neu
450 2441 611 2491 prope
635 2427 855 2489 fulgenti
880 2428 1077 2475 lumina
1102 2427 1231 2475 ferte
1257 2427 1385 2476 face.

251 2516 411 2578 siquis
442 2523 491 2564 et
515 2515 799 2578 inprudens
825 2516 1137 2579 adspexerit,
1170 2516 1376 2564 occulat
1398 2515 1487 2564 ille

322 2618 517 2668 perque
543 2603 664 2653 deos
692 2618 871 2653 omnes
899 2619 954 2653 se
982 2605 1275 2654 meminisse
1301 2612 1481 2667 neget:
