1942 3000
256 143 371 194 218
855 145 1182 185 moran-m

160 311 223 351 25
265 317 368 350 una
396 302 503 350 dies
532 300 698 350 omnis
724 302 895 364 potuit
920 315 1250 364 praecurrere
1275 316 1504 351 amores:

335 405 456 438 nam
479 390 573 438 tibi
601 404 707 438 non
731 389 928 452 tepidas
956 389 1186 438 subdidit
1208 390 1302 437 illa
1326 389 1484 449 faceS,

264 492 360 526 nec
386 477 477 526 tibi
504 478 806 540 praeteritos
833 492 989 540 passa
1016 485 1092 525 est
1117 478 1390 526 succedere
1416 478 1596 537 fastuS‚

335 580 431 615 nec
456 567 592 615 sinet
615 566 829 615 abduci:
873 575 923 615 te
946 574 1065 614 tuus
1092 567 1245 614 ardor
1268 574 1404 629 aget.

263 669 360 704 nec
385 655 585 714 mirum,
618 670 734 703 cum
760 655 829 703 sit
852 655 976 704 Iove
1001 655 1188 717 dignae
1212 655 1449 718 proxima
1472 650 1664 716 Ledae,

160 751 222 793 30
336 753 388 794 et
411 744 586 793 Ledae
610 753 760 806 partu
786 744 999 806 gratior,
1031 759 1137 792 una
1160 745 1339 805 tribus,

264 833 355 880 illa
380 832 446 881 sit
471 832 695 880 Inachiis
724 840 774 880 et
799 832 1039 880 blandior
1063 832 1308 893 heminis,

333 920 425 968 illa
449 921 554 968 suis
580 921 745 969 verbis
773 928 926 982 cogat
950 934 1121 969 amare
1145 921 1336 969 Iovem.

263 1016 319 1057 tu
345 1023 481 1068 vero,
515 1009 763 1071 quoniam
786 1009 944 1057 semel
972 1023 1026 1057 es
1053 1009 1310 1072 periturus
1337 1024 1530 1069 amore,

336 1105 503 1146 utere:
547 1097 783 1146 nonalio
808 1097 985 1146 limine
1012 1097 1197 1160 dignus
1223 1112 1354 1147 eras.

162 1193 224 1235 35
266 1200 397 1248 quae
420 1186 512 1234 tibi
540 1186 621 1247 sit,
651 1185 779 1235 felix
803 1186 1054 1249 quoniam
1079 1202 1241 1235 novus
1268 1187 1449 1236 incidit
1475 1202 1645 1237 error:

336 1283 387 1324 et
412 1283 760 1339 quotcumque
784 1276 945 1335 vole8‚
979 1291 1086 1324 una
1109 1275 1176 1325 sit
1201 1277 1300 1325 ista
1324 1277 1434 1325 tibi.

920 1715 1091 1765 XIIII.

262 1895 343 1943 Tu
369 1894 489 1942 licet
513 1894 742 1942 abiectus
768 1892 1013 1943 Tiberina
1037 1893 1263 1942 molliter
1287 1894 1426 1942 unda

334 1983 522 2031 Lesbia
547 1983 818 2031 Mentoreo
844 1982 963 2030 vina
988 1983 1136 2031 bibas
1164 1997 1336 2046 opere,

263 2080 313 2121 et
336 2072 489 2119 modo
518 2082 622 2119 tam
648 2071 840 2120 celeres
866 2071 1066 2120 mireris
1094 2086 1298 2121 currere
1323 2072 1501 2121 lintres

335 2167 383 2207 et
406 2159 559 2207 modo
586 2167 693 2207 tam
718 2159 889 2207 tardas
916 2159 1126 2208 funibus
1151 2159 1227 2207 ire
1253 2168 1405 2220 rateS,

195 2257 220 2296 5
263 2253 313 2295 et
336 2260 514 2294 nemus
540 2248 678 2295 unde
704 2254 839 2296 satas
864 2247 1099 2296 intendat
1121 2247 1308 2296 vertice
1333 2248 1506 2308 silvas,

331 2341 542 2396 urgetur
566 2335 772 2396 quantis
800 2334 1063 2384 Caucasus
1090 2336 1388 2384 arboribus:

261 2436 368 2468 non
394 2429 566 2469 tamen
591 2422 690 2470 ista
714 2436 829 2470 meo
857 2423 1063 2470 valeant
1089 2425 1400 2473 contendere
1424 2425 1613 2474 amori:

333 2498 497 2558 nescit
521 2509 684 2557 Amor
707 2510 911 2571 magnis
938 2510 1119 2559 cedere
1144 2512 1348 2561 divitiis.

264 2610 383 2643 nam
408 2597 513 2645 sive
540 2605 768 2659 optatam
792 2611 994 2645 mecum
1019 2599 1175 2647 trahit
1199 2600 1291 2647 illa
1316 2600 1557 2662 quietem,
