1942 3000
739 175 919 213 LIBER
947 175 1045 213 111.
1534 171 1641 223 287

222 346 310 379 cur
336 331 426 379 tibi
456 339 561 379 tam
587 332 749 394 longa
774 332 937 380 Roma
966 332 1128 393 petita
1152 331 1314 381 viast?

152 421 334 483 quidve
362 421 453 469 tibi
480 422 690 484 prodest
715 422 890 469 viduas
918 421 1141 470 dormire
1166 421 1406 484 puellas?

221 510 308 556 sed
333 509 443 568 tibi,
478 509 624 557 crede
649 509 792 568 mihi,
837 524 1032 557 cornua
1057 523 1233 556 rursus
1262 516 1426 568 erunt,

152 606 237 645 aut
262 613 355 646 nos
384 612 411 646 e
436 606 616 645 nostra
643 606 708 657 te,
726 612 911 662 saeva,
944 598 1236 659 fugabimus
1263 597 1415 644 urbe:

49 695 109 735 20
222 700 335 733 eum
358 686 533 734 Tiberi
558 686 677 733 Nilo
703 686 869 748 gratia
894 685 1040 733 nulla
1066 685 1180 733 fuit.

100 754 102 756 ι
151 782 203 822 at
226 781 297 827 tu,
333 788 467 836 quae
493 782 670 822 nostro
697 774 909 821 nimium
935 774 1143 835 placata
1169 772 1396 831 dolori's,

219 863 457 911 noctibus
485 862 562 909 his
590 861 737 908 vacui
762 868 839 908 ter
865 861 1115 909 faciamus
1142 861 1254 908 iter.

147 965 253 999 ,non
280 950 527 1024 audisket
552 949 703 996 verba
730 948 852 997 sinis
880 964 994 997 mea
1020 950 1215 1009 ludere,
1249 963 1365 997 cum
1388 948 1492 997 iam

218 1040 427 1087 flectant
449 1037 601 1086 Icarii
628 1037 797 1086 sidera
820 1039 965 1086 tarda
994 1040 1166 1087 boves,
1572 1018 1578 1024 ”

43 1138 104 1178 25
149 1128 288 1176 lenta
314 1125 474 1175 bibis:
517 1126 714 1175 mediae
739 1135 1006 1189 nequeunt
1031 1136 1080 1175 te
1108 1127 1346 1188 frangere
1373 1133 1571 1175 noctes·

221 1230 287 1263 an
314 1215 545 1263 nondum
571 1222 647 1263 est
669 1215 803 1263 talos
829 1216 1032 1263 mittere
1059 1216 1198 1264 lassa
1222 1214 1439 1263 manus?

148 1305 214 1351 ah
239 1310 414 1367 pereat
440 1304 753 1367 quicumque
778 1318 1007 1352 meracas
1033 1304 1257 1366 repperit
1282 1317 1407 1351 uvas

220 1392 548 1456 corrupitque
574 1394 736 1442 bonas
762 1401 972 1442 nectare
998 1393 1191 1455 primus
1217 1405 1380 1454 aquas
1401 1392 1414 1439 l

146 1481 290 1530 Icare
318 1480 577 1545 Cecropiis
603 1481 785 1530 merito
814 1482 1047 1545 iugulate
1073 1480 1292 1538 coloni8‚

40 1580 102 1619 30
218 1570 519 1633 pampineus
547 1571 682 1619 nosti
710 1586 864 1633 quam
889 1570 956 1619 sit
979 1584 1182 1618 amarus
1211 1569 1357 1616 odor.

145 1667 200 1707 tu
227 1674 436 1723 quoque
461 1675 491 1708 o
516 1659 767 1722 Eurytion
793 1659 912 1707 vino
941 1665 1184 1707 centaure
1209 1656 1405 1720 peristi,

217 1762 312 1796 nec
341 1763 447 1796 non
471 1749 689 1796 Ismario
717 1756 790 1808 tu,
822 1747 1160 1809 Polypheme,
1194 1758 1354 1793 mero.

143 1837 263 1884 vino
291 1837 456 1884 forma
484 1836 632 1899 perit,
665 1836 784 1884 vino
812 1834 1156 1897 corrumpitur
1180 1842 1340 1893 aetas,

216 1925 337 1973 vino
364 1939 518 1988 saepe
544 1940 695 1974 suum
720 1925 884 1974 nescit
910 1923 1078 1972 amica
1103 1923 1284 1970 virum.

36 2021 99 2061 35
142 2028 226 2061 me
251 2010 513 2074 miserum,
545 2020 602 2060 ut
626 2014 789 2061 multo
815 2013 945 2061 nihil
974 2020 1052 2060 est
1075 2018 1270 2060 mutata
1297 2011 1500 2072 Lyaeo!

215 2102 320 2149 iam
346 2101 491 2150 bibe:
535 2101 764 2149 formosa
791 2115 874 2150 es:
919 2100 992 2148 nil
1020 2100 1115 2148 tibi
1140 2100 1259 2147 vina
1287 2104 1495 2156 nocent,

143 2204 263 2237 cum
288 2196 377 2237 tua
402 2190 754 2252 praependent
778 2189 1030 2238 demissae
1053 2188 1108 2236 in
1134 2188 1323 2251 pocula
1349 2193 1532 2245 sertae,

216 2284 266 2326 et
288 2292 404 2326 mea
429 2278 647 2327 deducta
673 2279 903 2326 carmina
928 2292 1056 2326 voce
1080 2277 1227 2339 legis.

139 2367 337 2429 largius
364 2366 526 2415 effuso
552 2366 757 2415 madeat
781 2367 873 2414 tibi
899 2381 1079 2414 mensa
1101 2366 1341 2424 FalernO,

29 2463 95 2502 40
215 2462 420 2517 spumet
446 2462 496 2502 et
520 2463 699 2503 aurato
726 2455 936 2504 mollius
962 2455 1018 2502 in
1053 2454 1229 2503 calice.

138 2543 291 2590 nulla
316 2549 488 2590 tamen
514 2544 648 2591 lecto
676 2543 858 2606 recipit
885 2556 940 2591 se
964 2542 1081 2590 sola
1103 2542 1351 2590 libenter:

214 2637 292 2679 est
317 2629 561 2692 quiddam
586 2631 724 2692 quod
750 2645 839 2679 vos
868 2644 1113 2694 quaerere
1141 2637 1294 2692 cogat
1318 2629 1497 2677 Amor.
