1942 3000
12 509 150 553 '50

121 1575 148 1615 5

84 2015 147 2058 10

815 170 996 210 mmm
1025 170 1066 209 1.
1587 166 1695 219 229

265 334 376 375 tum
401 326 628 376 sonitum
652 334 800 390 rapto
827 342 1048 391 corpore
1072 327 1196 376 feeit
1219 327 1401 390 Hylas.

194 415 279 465 cui
304 417 483 479 procul
507 417 721 465 Alcides
746 417 913 477 iterat,
946 424 1245 480 responset:
1287 425 1345 465 at
1363 417 1442 465 illi

264 520 455 554 nomen
482 507 545 555 ab
572 506 810 555 extremis
835 506 1065 555 fontibus
1091 521 1217 554 aura
1242 506 1414 555 refert.

188 594 289 653 his,
323 610 354 643 o
384 593 552 655 Galle,
583 602 701 644 tuos
726 595 954 643 monitus
983 595 1209 643 servabis
1235 608 1453 653 amores,

263 681 546 732 formosum
570 683 806 746 nymphis
833 682 1039 732 credere
1065 683 1202 732 visus
1228 682 1416 745 Hylan.

864 1053 1010 1102 XXI.

189 1212 272 1261 Tu
298 1213 387 1276 qui
413 1220 703 1262 consortem
727 1227 973 1276 properas
1002 1213 1214 1261 evadere
1241 1227 1433 1274 casum,

262 1301 427 1360 miles,
458 1302 522 1349 ab
546 1301 775 1350 Etruscis
805 1302 1009 1350 saucius
1036 1302 1309 1364 aggeribus

191 1389 279 1452 qui
306 1397 484 1437 nostro
513 1390 705 1452 gemitu
727 1390 987 1452 turgentia
1013 1390 1212 1437 lumina
1238 1395 1468 1451 torqueS,

261 1493 379 1542 pars
409 1492 506 1541 ego
533 1492 648 1527 sum
673 1485 870 1527 vestrae
895 1478 1132 1542 proxima
1156 1477 1386 1526 militiae.

190 1565 265 1615 sic
289 1574 341 1615 te
366 1574 567 1615 servato
595 1573 653 1615 ut
677 1567 884 1630 possint
907 1567 1130 1629 gaudere
1155 1573 1412 1629 parentes,

261 1668 358 1703 nee
384 1643 535 1703 soror
560 1662 677 1703 aeta
702 1655 803 1703 tuis
830 1634 1020 1703 sentiat
1045 1669 1072 1703 e
1098 1654 1351 1702 lacrimis:

192 1742 399 1792 Gallum
424 1757 517 1808 per
541 1744 738 1792 medios
766 1751 997 1808 ereptum
1025 1743 1259 1793 Caesaris
1288 1757 1436 1793 enses

261 1832 485 1894 effugere
510 1833 715 1895 ignotas
741 1846 851 1881 non
876 1831 1108 1896 potuisse
1132 1845 1336 1891 manus,

192 1925 242 1966 et
266 1935 620 1984 quaecumque
646 1936 801 1984 super
825 1920 1059 1983 dispersa
1083 1921 1334 1969 invenerit
1358 1935 1477 1968 ossa

260 2009 523 2056 montibus
549 2009 800 2070 EtruseiS,
830 2010 958 2059 haec
984 2011 1112 2060 sciat
1138 2024 1251 2058 esse
1273 2023 1407 2058 mea.

780 2196 1095 2204 ——-—.

761 2392 819 2443 ,μ
850 2379 1022 2428 XXII.

190 2535 371 2597 Qualis
401 2544 452 2587 et
475 2538 613 2586 unde
638 2551 820 2600 genuS,
854 2538 942 2600 qui
957 2537 1216 2599 sintmihi‚
1247 2539 1419 2601 Tulle,
1449 2548 1682 2604 penates,

258 2625 460 2689 quaeris
486 2641 579 2689 pro
606 2634 783 2674 nostra
810 2640 1012 2689 semper
1038 2627 1280 2677 amicitia.
