1942 3000
299 162 367 212 14
914 166 1170 204 CATULLI

968 429 1112 479 xm.

297 588 517 638 Cenabis
546 590 693 648 bene,
724 589 792 636 mi
820 590 1053 649 Fabulle,
1085 592 1221 653 apud
1245 606 1327 639 me

296 677 491 740 paucis,
523 677 566 724 si
592 677 683 724 tibi
710 677 762 723 di
788 677 980 736 favent,
1015 677 1211 737 diebus,

295 765 337 813 si
362 774 530 813 tecum
556 764 785 813 attuleris
813 765 1003 813 bonam
1028 774 1181 828 atque
1207 781 1447 829 magnam

294 868 491 913 cenam,
525 868 631 901 non
656 854 766 901 sine
793 854 1012 902 candida
1037 856 1210 917 puella

227 953 252 990 5
295 949 344 990 et
368 942 488 988 vino
516 950 566 990 et
589 942 695 989 sale
723 948 772 989 et
798 943 1036 990 omnibus
1064 943 1345 991 cachinnis,

292 1031 419 1079 haec
443 1031 504 1090 si,
538 1029 766 1093 inquam,
801 1031 1054 1089 attuleriS,
1087 1038 1299 1080 venuste
1324 1040 1517 1092 noster,

294 1120 500 1167 cenabis
531 1120 687 1168 bene:
731 1134 851 1167 nam
878 1119 952 1166 tui
980 1117 1172 1167 Catulli

293 1209 478 1272 plenus
506 1210 741 1257 sacculus
769 1215 846 1256 est
869 1221 1190 1256 aranearum.

292 1297 381 1346 sed
409 1305 588 1346 contra
613 1298 833 1361 accipies
859 1312 1028 1346 meros
1054 1311 1252 1345 amores

194 1395 251 1434 10
292 1401 383 1435 seu
409 1387 530 1450 quid
556 1387 759 1436 suavius
788 1387 1213 1450 elegantiusvest:

292 1491 412 1525 nam
437 1484 754 1539 unguentum
781 1476 932 1536 dab0‚
967 1475 1105 1539 quod
1130 1489 1274 1525 meae
1300 1476 1503 1539 puellae

292 1564 552 1612 donarunt
574 1565 800 1613 Veneres
828 1563 1226 1627 Cupidinesque,

293 1653 431 1716 quod
457 1661 512 1701 tu
540 1668 653 1701 cum
680 1653 909 1718 olfiacies,
942 1653 1063 1700 deos
1091 1651 1315 1715 rogabis,

293 1750 458 1790 totum
482 1748 538 1789 ut
563 1749 611 1789 te
637 1741 844 1799 faciant,
877 1740 1110 1816 Fabulle,
1144 1752 1343 1786 nasum.

875 1928 1194 1935 ———-..-—-

947 2111 1119 2160 XIIII.

288 2274 352 2322 Ni
378 2282 428 2322 te
454 2275 568 2337 plus
595 2275 759 2322 oculis
785 2274 911 2321 meis
938 2286 1179 2332 amarem,

287 2362 650 2411 iucundissime
678 2361 850 2422 Calve‚
881 2374 1093 2411 munere
1116 2359 1214 2407 isto

290 2450 513 2498 odissem
536 2458 586 2497 te
613 2449 730 2497 odio
757 2450 1065 2498 Vatinianoz

289 2555 409 2588 nam
436 2539 558 2603 quid
583 2540 683 2588 feci
713 2554 808 2602 ego
837 2539 1021 2603 quidve
1046 2553 1160 2586 sum
1184 2539 1407 2594 locutuS‚

223 2638 247 2677 5
290 2644 381 2678 cur
403 2642 486 2677 me
511 2635 590 2677 tot
612 2629 747 2676 male
774 2629 1010 2691 perderes
1038 2627 1237 2689 poetis?
