1942 3000
723 170 728 175 -
792 163 970 200 ulma
1001 163 1066 201 11.
1576 159 1682 211 153

882 498 974 545 111.

186 673 327 721 Rura
350 688 532 733 meam,
566 673 813 734 Cornum,
845 683 1023 723 tenent
1046 675 1298 738 villaeque
1324 676 1579 739 puellam:

257 761 451 811 ferreus
477 771 572 822 est,
604 764 704 812 heu
729 765 847 823 heu,
879 764 1193 863 quisquist
1221 765 1347 813 urbe
1370 773 1561 818 manet.

185 851 300 915 ipsa
324 851 501 900 Venus
528 853 660 900 latos
684 852 787 899 iam
812 867 951 901 nunc
978 852 1216 915 migravit
1238 853 1291 900 in
1323 868 1496 916 agree,

256 941 510 1003 verbaque
536 941 754 989 aratoris
782 941 970 990 rustica
1004 941 1152 990 discit
1175 942 1356 989 Amor.

116 1039 144 1077 5
186 1045 218 1077 o
234 1043 350 1091 ege,
382 1043 497 1077 cum
513 1028 829 1091 adspicerem
856 1029 1134 1089 dominam,
1167 1045 1321 1092 quam
1346 1029 1549 1079 fortiter
1573 1030 1685 1079 illic

258 1132 511 1165 versarem
535 1118 706 1166 valido
733 1118 925 1180 pingue
950 1118 1158 1168 bidente
1183 1119 1353 1166 solum

184 1206 548 1269 agricolaeque
573 1206 728 1255 modo
754 1221 964 1254 curvum
988 1214 1211 1255 sectarer
1235 1214 1478 1265 aratrum,

256 1295 374 1341 dum
402 1294 647 1356 subigunt
672 1295 866 1343 steriles
895 1310 1017 1343 arva
1042 1296 1257 1345 serenda
1283 1297 1463 1345 boves!

183 1396 281 1431 nec
308 1396 564 1445 quererer,
597 1383 734 1445 quod
762 1384 842 1431 sol
869 1383 1085 1445 graciles
1116 1393 1353 1433 exureret
1376 1393 1537 1442 artuS,

79 1481 141 1522 10
258 1472 480 1520 laederet
505 1478 554 1520 et
577 1479 780 1520 teneras
807 1473 1016 1535 pustula
1040 1481 1191 1537 rupta
1214 1487 1412 1522 manns.

182 1561 326 1625 pavit
351 1568 401 1609 et
423 1560 630 1609 Admeti
656 1569 831 1609 tauros
857 1561 1113 1610 formosus
1140 1563 1353 1625 Ap0110‚

256 1663 352 1697 nec
378 1648 573 1697 cithara
594 1649 833 1698 intonsae
858 1651 1223 1713 prosueruntve
1248 1666 1444 1711 comae,

181 1751 279 1785 nec
308 1736 475 1800 potuit
501 1752 649 1786 curas
676 1754 861 1787 sanare
887 1739 1176 1788 salubribus
1202 1739 1400 1787 herbis:

75 1833 135 1874 14
257 1825 505 1888 quidquid
533 1834 641 1874 erat
665 1827 894 1876 medicae
918 1828 1109 1878 vicerat
1131 1828 1253 1876 artis
1279 1843 1442 1876 amor.

181 1914 295 1977 ipse
321 1914 443 1963 deus
471 1915 654 1963 solitus
680 1916 892 1964 stabulis
919 1916 1178 1978 expellere
1202 1931 1384 1966 vaccas

178 2099 233 2139 et
256 2092 470 2140 miscere
498 2107 629 2140 novo
656 2092 893 2140 docuisse
918 2093 1139 2155 coagula
1163 2094 1314 2152 lacte,

250 2180 446 2230 lacteus
474 2188 526 2229 et
548 2181 714 2229 mixtu
737 2181 1055 2243 subriguisse
1078 2181 1267 2244 liquor.

64 2277 85 2317 1
103 2279 130 2318 5
175 2275 289 2316 tum
316 2269 509 2317 fiscella
534 2269 632 2317 levi
661 2269 865 2317 detexta
890 2277 968 2317 est
992 2269 1178 2318 vimine
1204 2270 1362 2331 iunci,

250 2371 468 2420 raraque
494 2371 586 2420 per
612 2371 774 2405 nexus
801 2365 878 2405 est
903 2358 986 2405 via
1010 2358 1148 2407 facta
1174 2373 1306 2408 sero,

173 2459 207 2492 ο
237 2445 476 2507 quotiens
503 2445 594 2494 illo
621 2446 835 2494 vitulum
860 2454 1097 2510 gestante
1122 2462 1213 2510 per
1237 2463 1391 2511 agros

248 2533 438 2581 dicitur
463 2549 737 2582 occurrens
765 2536 1031 2584 erubuisse
1054 2538 1231 2585 soror!

173 2635 207 2668 ο
236 2622 476 2684 quotiens
502 2637 676 2683 ausae,
709 2631 915 2672 caneret
938 2624 1061 2673 dum
1085 2625 1219 2672 valle
1243 2625 1339 2673 sub
1364 2625 1487 2684 alta,
