1942 3000
57 520 115 559 15

52 962 114 1003 20

52 1405 114 1445 25

51 1848 114 1889 30

52 2288 114 2329 35

747 180 924 217 mnan
956 179 1047 216 111.
1542 176 1644 227 257

154 344 207 384 at
230 344 285 384 tu
312 350 449 385 nunc
475 327 670 396 nostre,
703 336 896 395 Venus,
930 349 961 383 o
990 349 1232 384 succurre
1258 335 1439 394 dolori,

226 431 429 487 rumpat
453 432 510 471 ut
534 424 754 471 adsiduis
780 424 1010 471 membra
1041 423 1357 472 libidinibus.

156 527 277 575 ergo
302 514 600 561 muneribus
629 513 794 575 quivis
821 519 1078 560 mercatur
1101 512 1363 560 amorem?

223 602 467 664 Iuppiter,
499 601 713 663 indigna
737 615 905 648 merce
931 602 1107 663 puella
1132 600 1279 663 perit.

155 704 355 752 semper
379 690 432 739 in
461 689 725 738 Oceanum
749 689 902 736 mittit
926 703 1008 736 me
1034 702 1279 750 quaerere
1305 702 1547 750 gemmas,

226 786 276 827 et
298 780 439 826 iubet
465 792 529 825 ex
553 779 667 840 ipsa
693 778 875 825 tollere
900 777 1039 824 dorna
1062 777 1218 837 Tyro,

155 874 309 930 atque
336 867 533 915 utinam
558 866 750 914 Romae
775 880 927 914 nemo
955 872 1088 912 esset
1115 865 1252 913 dives
1281 871 1331 912 et
1355 865 1471 927 ipse.

225 956 502 1003 straminea
526 962 700 1017 posset
727 954 832 1001 dux
855 952 1084 1001 habitare
1110 953 1254 1000 casa!

157 1058 437 1105 numquam
462 1043 664 1090 venales
693 1049 863 1090 essent
886 1041 950 1089 ad
976 1055 1164 1089 munus
1192 1041 1386 1089 amicae

226 1140 381 1194 atque
408 1146 510 1178 una
537 1132 678 1179 fieret
705 1145 834 1178 cana
860 1129 1036 1192 puella
1062 1130 1233 1177 domo,

156 1234 261 1266 non
290 1218 411 1281 quia
436 1225 669 1280 septenas
697 1224 875 1265 noctes
902 1218 1133 1265 seiuncta
1161 1217 1381 1278 cubaria,

228 1306 445 1354 candida
470 1314 574 1353 tam
600 1305 752 1352 foedo
781 1305 1022 1354 bracchia
1047 1306 1162 1353 fusa
1195 1306 1322 1365 viro,

156 1410 263 1444 non
292 1395 414 1458 quia
438 1394 665 1457 peccaris
695 1394 880 1456 (testor
904 1393 998 1456 te),
1032 1394 1121 1441 sed
1148 1394 1269 1456 quia
1295 1394 1448 1457 vulgo

226 1483 463 1532 formosis
489 1482 662 1532 levitas
691 1496 891 1545 semper
916 1482 1082 1532 amica
1107 1482 1221 1531 fuit.

156 1575 400 1623 barbarus
429 1572 657 1621 excussis
685 1573 847 1634 agitat
871 1572 1086 1635 vestigia
1111 1572 1295 1620 lumbis

230 1670 280 1710 et
303 1662 472 1710 subito
499 1662 625 1709 felix
649 1675 789 1708 nune
814 1675 927 1709 mea
951 1675 1113 1722 regna
1138 1668 1292 1708 tenet.

157 1750 362 1813 adspice
389 1749 510 1812 quid
540 1749 689 1797 donis
717 1748 960 1812 Eriphyla
984 1749 1180 1797 invenit
1204 1748 1407 1808 amari3‚

227 1838 410 1887 arserit
436 1845 485 1886 et
510 1838 714 1899 quantis
742 1845 903 1900 nupta
929 1836 1124 1886 Creusa
1148 1838 1317 1885 malis,

158 1927 371 1975 nullane
398 1927 595 1975 sedabit
619 1934 822 1975 nostros
851 1926 1041 1974 iniuria
1067 1925 1253 1975 fletus?
1290 1946 1301 1959 κ

229 2030 295 2061 an
323 2014 471 2062 dolor
495 2014 579 2061 hic
605 2015 733 2062 vitiis
761 2015 925 2063 nescit
948 2016 1131 2062 abesse
1157 2014 1256 2061 tuis
1273 2014 1296 2060 ‘2

156 2110 235 2151 tot
258 2103 361 2150 iam
386 2103 558 2150 abiere
584 2103 691 2150 dies
719 2117 941 2150 cumme
965 2117 1062 2150 nec
1090 2117 1211 2150 eura
1238 2101 1422 2150 theatri

229 2206 324 2239 nec
351 2191 516 2253 tetigit
542 2191 709 2252 campi
736 2205 834 2238 nee
859 2204 973 2237 mea
999 2205 1148 2238 musa
1172 2190 1329 2238 iuvat.

156 2287 210 2327 at
235 2280 424 2342 pudeat
451 2287 603 2338 certe,
636 2278 856 2342 pudeat3
899 2278 999 2325 nisi
1023 2279 1175 2338 forte,
1209 2278 1348 2340 quod
1377 2279 1540 2337 aiunt,

225 2369 387 2431 turpis
415 2383 559 2416 amor
585 2367 986 2417 surdis-auribus
1015 2381 1127 2415 esse
1153 2367 1301 2416 solet.

157 2471 311 2505 cerne
336 2456 533 2516 ducem,
567 2456 720 2505 modo
750 2456 836 2518 qui
863 2455 1067 2504 fremitu
1096 2456 1353 2518 conplevit
1382 2454 1523 2503 inani

227 2544 381 2593 Actia
407 2546 656 2597 damnatis
684 2559 911 2607 aequora
936 2539 1201 2592 militibus.

157 2635 298 2682 hunc
324 2633 529 2680 infamis
557 2648 702 2681 amor
726 2632 882 2681 versis
909 2632 1031 2680 dare
1056 2640 1200 2694 terga
1225 2630 1412 2680 carinis

163 2737 337 2780 Proper-t.
386 2734 511 2771 ed.ll.
1272 2745 1327 2785 17

1332 2932 1355 2969 ξ
