1942 3000
284 122 354 172 92
877 124 1131 164 οΑτσιιι

356 289 445 329 aut
469 281 775 343 perluciduli
803 281 998 330 deliciis
1026 281 1230 345 laPidis.

231 378 256 417 5
284 369 441 418 laedit
465 377 516 417 te
543 370 794 431 quaedam
819 370 956 418 mala
981 370 1174 430 fabula,
1207 385 1310 433 qua
1335 370 1425 418 tibi
1452 370 1613 418 fertur

356 458 490 506 valle
515 459 609 506 sub
637 459 834 506 alarum
859 465 979 506 trux
1003 459 1233 507 habitare
1260 473 1430 522 caper.

283 548 421 596 hune
444 553 681 595 metuunt
706 560 903 594 omnes,
982 561 1150 609 neque
1183 546 1397 595 mirum:
1440 562 1561 595 nam
1594 547 1739 595 mala

472 635 666 683 valdest

356 723 535 783 bestia,
565 737 662 771 nec
688 723 896 785 quicum
921 724 1059 772 bella
1084 724 1259 787 puella
1285 724 1453 771 cubet.

285 827 443 876 quare
469 820 557 859 aut
582 812 840 861 crudelem
865 827 1108 860 nasorum
1131 812 1363 860 interfice
1387 819 1601 874 pestem,

196 909 256 950 10
355 910 444 949 aut
470 900 709 949 admirari
737 901 912 950 desine
939 916 1031 949 cur
1054 900 1276 963 fugiunt.

923 1236 1087 1285 LXX.

286 1378 426 1426 Nulli
454 1392 508 1426 se
535 1377 658 1426 dicit
682 1377 864 1425 mulier
889 1393 1003 1426 mea
1028 1379 1221 1426 nubere
1246 1378 1400 1426 malle

358 1481 514 1530 quam
538 1466 681 1526 mihi,
714 1481 818 1515 non
845 1466 888 1515 si
915 1481 968 1515 se
994 1466 1225 1531 Iuppiter
1250 1467 1361 1531 ipse
1385 1473 1545 1529 petat.

287 1555 437 1604 dicit:
483 1556 572 1604 sed
597 1555 780 1604 mulier
805 1555 991 1617 cupido
1020 1555 1156 1617 quod
1184 1555 1306 1603 dicit
1330 1554 1540 1614 amanti,

356 1644 410 1691 in
436 1650 585 1691 vento
614 1650 663 1691 et
686 1643 865 1707 rapida
891 1643 1111 1691 seribere
1139 1650 1340 1705 oportet
1364 1657 1517 1704 aqua.

844 1810 1163 1817 ⁴----————-——

909 1996 1099 2045 LXXI.

286 2137 340 2187 Si
367 2137 491 2200 quoi
516 2137 626 2185 iure
653 2137 790 2185 bono
819 2152 964 2185 sacer
989 2138 1187 2185 alarum
1212 2139 1409 2187 obstitit
1432 2140 1624 2197 hircus,

356 2233 444 2273 aut
468 2225 511 2275 si
540 2240 693 2288 quem
719 2227 902 2274 merito
927 2227 1072 2275 tarda
1097 2227 1328 2290 podagra
1354 2234 1508 2287 secat,

282 2315 513 2363 aemulus
540 2315 638 2362 iste
664 2321 799 2375 tune,
832 2315 920 2378 qui
946 2323 1167 2376 vestrum
1195 2324 1398 2364 exercet
1423 2330 1668 2375 amorem,

352 2404 566 2453 mirifico
595 2411 672 2453 est
693 2403 801 2452 fato
830 2411 1009 2452 nactus
1039 2411 1310 2467 utrumque
1333 2405 1543 2452 malum.

192 2502 216 2540 5
281 2507 401 2540 nam
428 2493 667 2555 quotiens
693 2492 864 2553 futuit,
895 2493 1082 2542 totiens
1112 2493 1373 2542 ulciscitur
1396 2493 1606 2541 ambos:

350 2582 495 2630 illam
518 2582 718 2645 adfligit
748 2583 922 2643 odore,
955 2583 1067 2645 ipse
1093 2583 1224 2645 perit
1248 2582 1494 2645 podagra.
