1942 3000
340 162 441 213 122
965 165 1205 206 ‘rmULLr

335 331 471 371 stare
497 336 593 370 nec
618 330 738 371 ante
765 323 900 372 sores
927 325 1109 386 puduit
1136 338 1344 373 caraeve
1368 325 1571 387 puellae

406 411 650 459 ancillam
673 413 842 461 medio
869 413 1149 461 detinuisse
1172 414 1306 461 foro,

227 509 292 549 95
336 500 472 549 hunc
497 514 640 563 puer,
673 500 811 548 hunc
836 502 1036 549 iuvenis
1064 502 1214 549 turba
1240 502 1431 550 circum
1455 503 1575 550 terit
1598 510 1725 560 arta,

408 589 608 652 despuit
632 590 686 637 in
711 590 894 637 molles
923 598 973 637 et
997 589 1096 638 sibi
1122 590 1340 652 quisque
1366 590 1527 639 sinus.

333 686 390 726 at
411 678 534 727 mihi
561 692 729 740 parce,
762 679 969 726 Venus:
1015 692 1216 741 semper
1239 678 1332 727 tibi
1360 679 1530 728 dedita
1558 679 1710 727 servit

404 780 548 821 mens
573 781 715 815 mea:
760 766 881 829 quid
907 780 1097 815 messes
1125 767 1228 816 uris
1254 768 1439 816 acerba
1465 767 1615 815 tuas?

1030 1138 1123 1187 111.

332 1298 480 1347 Ibitis
505 1299 740 1364 Aegaeas
766 1298 876 1347 sine
902 1312 1000 1357 me,
1032 1299 1294 1356 Messalla,
1328 1313 1420 1362 per
1443 1298 1624 1357 unda8‚

407 1401 437 1434 o
463 1387 660 1435 utinam
684 1400 932 1435 memores
958 1387 1071 1450 ipse
1098 1387 1385 1450 cohorsque
1412 1387 1538 1435 mei:

334 1489 415 1524 me
439 1482 579 1524 tenet
604 1475 795 1539 ignotis
820 1489 1033 1538 aegrum
1058 1475 1310 1524 Phaeacia
1335 1475 1513 1524 terris:

406 1564 664 1612 abstineas
692 1564 882 1624 avidas,
912 1565 1055 1612 Mors
1082 1578 1265 1627 precor
1287 1574 1413 1622 atra,
1446 1579 1645 1612 manus.

267 1664 293 1703 5
334 1653 610 1712 abstineaS‚
642 1653 784 1701 Mors
811 1660 938 1712 atra,
973 1667 1185 1715 precor:
1229 1667 1334 1700 non
1361 1652 1445 1701 hic
1469 1653 1594 1700 mihi
1621 1662 1787 1702 mater

407 1756 541 1805 quae
566 1742 705 1804 legat
728 1742 781 1789 in
807 1749 1031 1790 maestos
1058 1756 1177 1789 ossa
1203 1750 1410 1803 perusta
1436 1741 1597 1801 sinus,

335 1845 442 1878 non
469 1844 632 1889 soror,
662 1829 904 1891 Assyrios
932 1830 1092 1877 cineri
1120 1843 1252 1891 quae
1279 1829 1430 1877 dedat
1454 1830 1638 1879 odores

409 1927 458 1967 et
485 1919 605 1966 fleat
631 1918 801 1966 effusis
829 1926 948 1966 ante
976 1919 1214 1981 sepulcra
1242 1917 1419 1977 comiS‚

335 2007 489 2055 Delia
514 2021 619 2054 non
649 2021 899 2068 usquam3
941 2020 1076 2069 quae
1100 2021 1182 2054 me
1210 2021 1326 2053 cum
1349 2006 1571 2055 mitteret
1595 2007 1741 2062 urbe,

236 2104 296 2144 10
408 2095 591 2143 dicitur
618 2104 737 2143 ante
763 2109 942 2143 omnes
969 2095 1293 2143 consuluisse
1318 2095 1460 2143 deos.

337 2184 428 2232 illa
453 2199 625 2232 sacras
651 2184 793 2247 pueri
820 2192 981 2232 sortes
1010 2192 1087 2232 ter
1112 2184 1336 2243 sustulit,
1368 2184 1444 2232 illi

409 2271 603 2320 rettulit
629 2286 656 2319 e
681 2272 827 2320 trinis
855 2273 1031 2320 omina
1056 2282 1196 2321 certa
1221 2286 1364 2335 puer.

340 2369 526 2410 cuncta
569 2361 761 2410 dabant
799 2362 1017 2410 reditus:
1088 2370 1259 2410 tamen
1298 2369 1375 2410 est
1411 2361 1649 2410 deterrita
1690 2377 1842 2411 num-

552 2465 726 2512 quam,

412 2541 535 2603 quin
562 2539 707 2588 fleret
731 2547 934 2588 nostras
960 2539 1335 2602 despueretque
1362 2539 1484 2587 vias,

242 2637 298 2678 15
339 2628 449 2693 ipse
477 2643 572 2692 ego
600 2629 812 2689 solator,
845 2643 962 2678 cum
986 2628 1089 2676 iam
1114 2627 1355 2676 mandata
1381 2628 1653 2685 dedissem,
