1942 3000
804 172 987 211 ann
1016 171 1081 211 11.
1590 169 1697 223 245

209 336 255 377 et
277 328 539 377 dominum
563 329 687 377 lavit
712 343 947 379 maerens
976 330 1176 393 captiva
1202 338 1487 390 cruentum,

274 417 563 479 adpositum
588 418 729 467 flavis
757 418 811 465 in
839 417 1105 468 Simoenta
1130 420 1290 479 vadis,

205 505 523 569 foedavitque
549 520 741 566 comas,
775 514 824 554 et
847 506 978 555 tanti
1007 522 1193 570 corpus
1218 507 1413 557 Achilli

269 594 595 658 maximaque
619 596 673 643 in
701 610 858 658 parva
884 595 1094 644 sustulit
1120 611 1239 644 ossa
1263 611 1438 657 manu,

30 733 36 754 δ
109 690 165 732 15
205 697 315 731 eum
340 683 433 731 tibi
462 698 556 732 nec
582 682 767 731 Peleus
794 683 970 731 aderat
995 698 1092 732 nec
1118 685 1326 732 caerula
1350 692 1531 743 mater,

271 771 448 833 Scyria
475 785 573 821 nec
596 772 751 818 viduo
776 771 1051 819 Deidamia
1075 778 1208 819 tore.

201 866 320 909 tunc
345 860 502 922 igitur
527 860 658 907 veris
688 859 946 922 gaudebat
971 859 1190 908 Graecia
1216 860 1347 909 natis
1369 878 1382 910 ε

268 956 391 997 tunc
418 949 572 997 etiam
595 948 722 997 felix
747 948 882 996 inter
908 956 957 997 et
984 963 1127 996 arma
1151 949 1335 1011 pudor.

202 1045 253 1086 at
277 1044 333 1086 tu
360 1051 465 1085 non
490 1051 595 1085 una
619 1036 834 1100 potuisti
860 1043 1013 1084 nocte
1036 1050 1236 1096 vacare,

99 1133 161 1175 20
268 1125 429 1188 inpia,
461 1140 567 1173 non
590 1140 751 1173 unum
777 1126 890 1173 sola
914 1139 1122 1173 manere
1147 1126 1299 1174 diem.

202 1214 325 1276 quin
353 1213 507 1261 etiam
531 1215 694 1262 multo
722 1214 937 1262 duxistis
965 1215 1156 1277 pocula
1182 1215 1318 1264 risu:

269 1301 487 1351 forsitan
515 1310 564 1350 et
589 1302 652 1350 de
676 1317 758 1349 mc
783 1303 936 1350 verba
960 1302 1106 1350 fuere
1131 1303 1288 1350 mala.

198 1390 281 1440 hic
308 1391 462 1439 etiam
486 1390 677 1453 petitur
703 1390 791 1453 qui
817 1398 867 1438 te
892 1390 1034 1452 prius
1061 1390 1173 1452 ipse
1198 1390 1424 1452 reliquit.

268 1478 319 1527 di
344 1478 556 1539 faciant,
586 1479 686 1528 isto
714 1485 865 1541 capta
889 1478 1062 1527 fruare
1087 1479 1227 1528 viro!

92 1575 154 1617 25
196 1567 323 1617 haec
348 1568 472 1615 mihi
497 1560 616 1616 vota
638 1575 779 1615 tuam
804 1574 1015 1630 propter
1041 1574 1280 1631 suscepta
1302 1567 1538 1627 salutem,

270 1671 386 1705 cum
413 1656 581 1719 capite
606 1656 705 1704 hoc
730 1655 938 1718 Stygiae
966 1656 1071 1703 iam
1096 1662 1397 1718 poterentur
1421 1669 1608 1719 aquae,

196 1751 246 1792 et
274 1745 464 1793 lectum
492 1744 667 1793 flentes
696 1744 888 1793 circum
913 1751 1164 1792 staremus
1193 1744 1377 1793 amici?

266 1833 349 1881 hic
376 1834 463 1881 ubi
488 1841 613 1891 tum,
645 1847 739 1896 pro
765 1832 834 1892 di,
868 1833 1080 1895 perfida,
1113 1832 1290 1896 quisve
1314 1831 1444 1881 fuit?

195 1921 318 1984 quid
345 1922 389 1969 si
415 1921 730 1985 longinquos
756 1922 1006 1970 retinerer
1035 1921 1182 1969 miles
1208 1921 1274 1969 ad
1296 1921 1474 1979 Indos,

84 2018 149 2060 30
265 2017 356 2058 aut
380 2024 495 2057 mea
519 2009 563 2057 si
588 2016 744 2058 staret
769 2010 911 2058 navis
937 2010 994 2057 in
1023 2008 1271 2058 Oceano?

192 2099 285 2147 sed
312 2097 456 2145 vobis
482 2097 637 2146 facile
664 2106 741 2146 est
765 2099 919 2146 verba
945 2105 996 2146 et
1021 2112 1317 2160 conponere
1342 2097 1546 2146 fraudes
1567 2113 1578 2146 ε

265 2186 365 2234 hoc
390 2201 552 2234 unum
577 2186 753 2234 didicit
777 2185 969 2234 femina
994 2200 1196 2249 semper
1221 2201 1370 2249 opus.

189 2289 302 2324 non
329 2275 403 2323 sic
428 2274 626 2323 incerto
654 2282 915 2323 mutantur
940 2274 1147 2323 flamine
1175 2275 1367 2337 SyrteS‚

211 2394 216 2399 -
264 2378 361 2413 nec
386 2363 515 2412 folia
538 2363 756 2412 hiberno
783 2372 889 2411 tam
913 2363 1213 2412 tremefacta
1237 2370 1383 2422 note,

76 2461 144 2504 35
189 2468 350 2516 quam
376 2452 480 2503 cito
507 2452 729 2501 feminea
755 2466 861 2500 non
890 2459 1095 2500 constat
1126 2450 1308 2500 foedus
1332 2450 1387 2498 in
1414 2450 1510 2510 ira,

263 2541 369 2590 sive
396 2555 455 2589 ea
482 2555 640 2590 causa
664 2540 854 2603 graviS,
886 2540 994 2589 sive
1019 2555 1081 2588 ea
1106 2554 1263 2588 causa
1287 2539 1431 2588 levis,

185 2644 352 2690 nunc,
384 2629 632 2693 quoniam
658 2629 759 2677 ista
782 2628 876 2677 tibi
901 2628 1098 2693 placuit
1121 2628 1398 2687 sententia,
1433 2626 1630 2675 cedam.
