1942 3000
830 149 1022 189 unsa.
1576 147 1647 199 ω

201 307 415 355 heroum
439 306 568 352 mira
593 305 801 354 virtutes
827 306 1018 354 indicat
1043 314 1168 355 arte.

198 407 423 456 namque
448 393 760 442 fluentisono
787 404 1121 457 prospectans
1148 395 1299 443 litore
1325 394 1454 442 Diae

197 483 400 531 Thesea
427 481 694 530 cedentem
719 482 871 531 celeri
896 498 1012 531 cum
1040 482 1205 531 classe
1230 490 1401 531 tuetur

199 571 478 619 indomitos
506 570 560 617 in
587 570 741 618 corde
765 584 948 632 gerens
973 570 1205 619 Ariadna
1228 570 1448 628 furores,

110 671 170 709 55
199 659 421 708 necdum
447 659 599 707 etiam
623 672 734 707 sese
760 672 894 721 quae
919 659 1036 707 visit
1059 660 1221 708 visere
1246 658 1422 718 credit,

198 756 255 796 ut
281 755 403 811 pote
429 746 602 795 fallaci
629 761 763 809 quae
786 756 896 795 tum
919 747 1141 811 primum
1166 748 1331 795 excita
1355 762 1540 796 somno

199 837 453 884 desertam
475 836 531 883 in
554 836 668 884 sola
690 836 931 883 miseram
956 850 1015 883 se
1040 843 1217 884 cernat
1241 850 1415 884 arena.

197 924 454 973 inmemor
477 932 530 972 at
553 924 751 972 invenis
779 924 984 986 fugiens
1012 924 1159 987 pellit
1182 924 1311 973 vada
1337 924 1507 983 remis,

196 1012 355 1060 inrita
376 1019 618 1061 ventosae
641 1013 881 1075 linquens
907 1012 1163 1075 promissa
1187 1012 1462 1076 procellae.

101 1109 168 1150 60
198 1114 354 1163 quem
379 1101 561 1162 procul
586 1115 651 1149 ex
674 1102 796 1163 alga
822 1101 1031 1149 maestis
1057 1101 1248 1149 Minois
1276 1101 1455 1149 ocellis

198 1202 356 1238 saxea
379 1196 436 1236 ut
463 1188 658 1251 effigies
684 1189 980 1238 bacchantis
1006 1189 1256 1252 prospicit
1281 1188 1463 1248 euhoe,

198 1277 449 1341 prospicit
474 1285 524 1326 et
546 1277 747 1340 magnis
774 1292 1011 1326 curarum
1036 1278 1249 1326 fluctuat
1275 1276 1440 1336 undis,

198 1380 306 1413 non
331 1364 463 1413 flavo
489 1366 714 1415 retinens
741 1366 984 1415 subtilem
1008 1366 1194 1414 vertice
1217 1365 1435 1425 mitram,

198 1468 307 1503 non
334 1461 572 1504 contecta
594 1454 691 1504 levi
716 1455 937 1504 velatum
962 1462 1140 1519 pectus
1168 1454 1373 1513 amictu,

100 1552 167 1594 65
197 1557 308 1592 non
334 1544 480 1592 tereti
505 1544 737 1606 strophio
763 1544 1000 1592 lactentis
1026 1544 1197 1592 vincta
1221 1543 1459 1606 papillas,

196 1631 372 1679 omnia
398 1645 531 1694 quae
555 1639 665 1681 toto
691 1632 900 1694 delapsa
926 1646 954 1679 c
980 1646 1198 1694 corpore
1223 1631 1413 1694 passim

195 1719 359 1783 ipsius
385 1728 505 1768 ante
530 1720 685 1783 pedes
711 1720 896 1769 fluctus
922 1721 1045 1769 salis
1071 1720 1400 1769 adludebant.

195 1816 277 1856 set
300 1821 470 1871 neque
492 1815 602 1857 tum
626 1809 804 1857 mitrae
830 1823 1000 1872 neque
1024 1818 1132 1857 tum
1158 1808 1402 1856 fluitantis
1425 1807 1644 1857 amictus

193 1896 290 1945 illa
313 1896 477 1970 vig-131
501 1911 685 1945 curans
712 1903 820 1945 toto
847 1912 912 1946 ex
935 1905 987 1946 te
1013 1907 1236 1959 pectore,
1269 1897 1491 1956 Theseu,

100 1993 165 2034 70
195 1991 310 2034 toto
336 1984 528 2036 animo.
563 1993 671 2033 tota
695 1986 952 2048 pendebat
978 1985 1176 2048 perdita
1202 1993 1386 2034 mente.

194 2073 263 2122 ah
287 2073 491 2132 misera,
520 2073 747 2122 adsiduis
773 2089 928 2137 qnam
952 2074 1174 2123 luctibus
1200 2073 1483 2122 externas-it

194 2162 435 2224 spinosas
461 2161 683 2224 Erycina
707 2177 882 2211 serens
908 2163 960 2210 in
989 2173 1196 2226 pectore
1221 2175 1369 2210 curas

195 2251 291 2299 illa
313 2257 630 2313 tempestate,
662 2251 813 2300 ferox
837 2267 941 2314 qno
968 2265 1034 2299 ex
1062 2261 1291 2313 tempore
1315 2250 1545 2298 Theseus

196 2352 434 2401 egressus
461 2340 626 2388 curvis
654 2353 682 2389 e
706 2339 942 2388 litoribus
970 2339 1134 2387 Piraei

98 2435 122 2476 '1
136 2437 162 2477 5
193 2426 367 2489 attigit
389 2427 567 2476 iniusti
593 2429 727 2492 regis
754 2427 1005 2490 Gortynia
1030 2436 1180 2476 tecta.

194 2530 319 2564 nam
342 2516 614 2578 perhibent
639 2517 763 2565 olim
788 2517 983 2565 erudeli
1010 2523 1152 2579 peste
1177 2523 1408 2564 coactam

194 2603 610 2666 Androgeoneae
634 2618 830 2668 poenas
857 2604 1095 2653 exolvere
1121 2602 1288 2651 caedis

175 2705 323 2744 catull.
370 2705 428 2741 sd.
450 2706 495 2741 ΙΙ.
1320 2716 1345 2756 5
