1942 3000
280 151 351 202 68
875 155 1129 195 cA'rULLI

279 310 458 360 ‘sicine
482 325 564 359 me
588 312 766 374 patriis
792 322 1037 371 avectam,
1070 313 1279 376 perfide,
1311 314 1375 361 ab
1402 312 1524 370 oriS‚

283 400 491 463 perfide,
524 399 725 448 deserto
750 401 946 463 liquisti
971 402 1026 449 in
1054 401 1220 461 litore,
1251 401 1490 450 Theseu?

283 488 444 537 sicine
470 488 737 538 discedens
761 490 999 551 neglecto
1027 489 1238 538 numine
1263 490 1434 537 divum

157 584 177 624 1
193 582 253 626 35
282 576 536 643 inmemor
560 577 626 625 ah
652 577 834 625 devota
861 578 1069 625 domum
1094 578 1317 640 periuria
1342 577 1554 641 portas?

286 665 499 713 nullane
526 679 608 713 res
636 666 804 727 potuit
828 666 1049 715 crudelis
1077 667 1279 715 flectere
1306 665 1489 715 mentis

284 752 591 802 consilium?
629 754 722 802 tibi
747 755 892 802 nulla
916 755 1014 803 fuit
1040 755 1309 804 clementia
1334 763 1558 818 praesto,

283 841 460 889 inmite
486 849 543 889 ut
567 842 731 890 nostri
758 844 911 892 vellet
935 843 1264 892 miserescere
1289 843 1502 905 pectus?

282 937 335 976 at
360 944 467 977 non
492 930 619 978 haec
646 931 909 993 quondam
935 932 1086 980 nobis
1112 932 1365 995 promissa
1390 932 1573 980 dedisti

160 1025 253 1066 140
284 1031 439 1076 voce3
479 1018 604 1065 mihi
630 1033 737 1066 non
762 1019 889 1068 haec
914 1020 1132 1068 miserae
1157 1034 1362 1082 sperare
1385 1020 1615 1079 iubebas,

283 1106 371 1155 sed
397 1106 622 1154 conubia
647 1107 799 1166 laeta,
830 1108 920 1156 sed
950 1117 1154 1170 optatos
1181 1108 1520 1171 hymenaeos:

281 1208 414 1257 quae
443 1203 627 1243 cuncta
651 1195 776 1244 aerii
802 1196 1098 1260 discerpunt
1122 1196 1277 1245 inrita
1301 1198 1454 1246 venti.

283 1298 423 1332 nunc
445 1283 548 1332 iam
573 1283 719 1332 nulla
742 1285 849 1333 viro
876 1285 1067 1333 iuranti
1093 1285 1281 1333 femina
1306 1285 1497 1346 credat,

281 1372 426 1420 nulla
453 1371 548 1421 viri
575 1380 746 1436 speret
770 1387 1033 1423 sermones
1060 1389 1172 1423 esse
1197 1375 1402 1435 fideles3

157 1467 213 1509 14
228 1467 252 1509 5
282 1460 397 1524 quis
423 1462 543 1510 dum
568 1461 763 1525 aliquid
788 1462 1001 1527 cupiens
1015 1463 1213 1513 animus
1240 1462 1518 1527 praegestit
1539 1462 1719 1526 apisci,

281 1550 352 1598 nil
379 1558 612 1599 metuunt
638 1552 825 1611 iurare,
858 1551 984 1600 nihil
1011 1553 1308 1615 promittere
1334 1558 1578 1615 parcunt:

281 1638 371 1686 sed
395 1638 546 1687 simul
571 1654 633 1688 ac
658 1640 873 1702 cupidae
899 1641 1086 1690 mentis
1110 1641 1292 1689 satiata
1315 1639 1543 1698 libidost‚

280 1725 416 1774 dicta
441 1727 568 1776 nihil
594 1735 838 1788 metuere,
869 1728 1000 1777 nihil
1026 1729 1248 1792 periuria
1275 1736 1472 1777 curant.

283 1822 422 1862 certe
448 1828 546 1877 ego
572 1824 621 1863 te
645 1815 701 1862 in
725 1815 895 1864 medio
921 1825 1209 1865 versantem
1235 1818 1437 1866 turbine
1461 1816 1548 1866 leti

156 1908 252 1950 150
282 1902 463 1965 eripui,
497 1911 548 1952 et
573 1904 744 1967 potius
770 1918 1071 1966 germanum
1096 1906 1324 1954 amittere
1350 1906 1501 1965 crevi,

220 2040 228 2046 ,
280 2005 435 2053 quam
461 1992 552 2040 tibi
577 1992 751 2040 fallaci
777 2007 1017 2055 supremo
1042 1994 1095 2041 in
1121 2000 1350 2058 tempore
1376 1995 1590 2044 dessem.

281 2094 375 2143 pro
404 2094 508 2143 quo
535 2080 861 2129 dilaceranda
889 2081 1010 2130 feris
1040 2081 1201 2131 dabor
1225 2083 1537 2146 alitibusque

279 2168 488 2232 praeda,
522 2182 690 2231 neque
714 2169 903 2218 iniecta
926 2171 1223 2219 tumulabor
1248 2181 1449 2220 mortua
1473 2180 1626 2220 terra.

280 2271 535 2319 quaenam
562 2265 611 2305 te
637 2258 814 2319 genuit
837 2259 951 2307 sola
974 2261 1071 2308 sub
1097 2274 1221 2322 rupe
1247 2261 1446 2320 leaena,

158 2353 169 2391 1
190 2353 249 2395 55
291 2344 430 2408 quod
455 2360 596 2394 mare
621 2355 927 2410 conceptum
953 2348 1308 2410 spumantibus
1336 2349 1513 2412 expuit
1537 2348 1708 2408 undis,

274 2447 410 2497 quae
437 2433 624 2496 Syrtis,
667 2449 798 2498 quae
826 2435 1000 2497 Scylla
1025 2451 1211 2499 rapax,
1259 2452 1391 2501 quae
1416 2445 1560 2488 vasta
1587 2435 1727 2485 Cha-

467 2523 658 2585 rybdi8‚

277 2609 402 2659 talia
428 2611 516 2674 qui
542 2612 710 2662 reddis
737 2628 830 2677 pro
856 2613 994 2662 dulci
1019 2614 1247 2677 praemia
1271 2613 1406 2663 vita?
