1942 3000
872 154 1066 192 Lmen.
1623 151 1691 202 ⁰7

121 320 211 359 ¹05
244 326 367 359 nam
393 311 531 359 velut
553 311 833 358 insummo
861 310 1177 373 quatientem
1204 311 1444 359 bracchia
1466 311 1640 360 Tauro

243 414 493 463 quercum
518 408 607 447 aut
632 399 927 461 conigeram
953 399 1158 447 sudanti
1185 400 1376 448 cortice
1400 400 1581 463 pinum

241 488 554 536 indomitum
578 488 763 535 turben
791 496 1140 549 contorquens
1169 487 1372 537 flamine
1397 489 1554 537 robur

242 578 375 625 eruit
404 576 519 639 (illa
544 576 725 638 procul
753 575 1010 624 radicibus
1038 577 1305 624 exturbata

240 680 409 729 prona
436 664 589 723 cadit,
618 664 723 712 late
749 679 853 727 qua
877 672 955 711 est
972 665 1193 726 impetus
1223 664 1374 712 obvia
1397 665 1687 729 frangens),

114 762 129 803 1
152 765 163 802 1
182 766 209 803 0
239 755 317 802 sic
341 753 537 800 domito
565 767 770 801 saevum
795 753 1068 815 prostravit
1093 767 1309 815 corpore
1331 754 1562 802 Theseus

239 842 560 905 nequiquam
585 841 732 889 vanis
760 841 1037 889 iactantem
1065 856 1261 889 cornua
1284 842 1464 890 ventis.

240 931 363 978 inde
390 930 572 992 pedem
597 944 774 992 sospes
801 930 962 978 multa
989 944 1106 977 cum
1130 930 1283 978 laude
1308 930 1508 979 reflexit

240 1019 534 1068 errabunda
558 1032 741 1081 regens
767 1019 906 1067 tenui
934 1017 1147 1080 vestigia
1172 1018 1277 1077 file,

238 1121 309 1156 ne
333 1107 667 1168 labyrintheis
694 1121 722 1154 e
750 1107 964 1154 flexibus
993 1106 1340 1169 egredientem

111 1205 208 1246 115
240 1196 362 1244 tecti
391 1196 720 1244 frustraretur
742 1194 1132 1243 inobservabilis
1160 1209 1318 1242 error.

241 1284 333 1332 sed
361 1283 485 1345 qnid
512 1298 609 1346 ego
637 1299 669 1332 a
693 1284 862 1346 primo
888 1282 1147 1344 digressus
1176 1282 1401 1332 carmine
1427 1285 1576 1347 plura

243 1386 657 1432 commemorem,
688 1380 745 1420 ut
770 1371 1011 1434 linquens
1040 1371 1287 1433 genitoris
1315 1373 1422 1420 filia
1446 1373 1659 1433 vultum,

244 1470 304 1510 ut
327 1461 745 1523 consanguineae
772 1461 1103 1524 conplexum,
1136 1470 1193 1509 ut
1218 1460 1440 1524 denique
1464 1461 1658 1522 matris„

244 1563 381 1612 quae
405 1549 590 1597 misera
615 1550 669 1597 in
694 1557 853 1612 gnata
878 1550 1145 1613 deperdita
1170 1550 1473 1610 laetabatur,

114 1647 210 1688 120
243 1638 483 1686 omnibus
512 1638 588 1685 his
613 1638 801 1686 Thesei
827 1638 1031 1686 dulcem
1057 1639 1369 1702 praeoptarit
1392 1653 1637 1696 amorem,

243 1733 334 1775 aut
360 1735 415 1773 ut
443 1735 586 1775 vecta
615 1727 711 1775 rati
737 1742 984 1788 spumosa
1007 1727 1071 1775 ad
1098 1727 1250 1775 litora
1276 1727 1409 1775 Diae

241 1816 455 1873 venerit,
487 1823 576 1863 aut
601 1822 657 1863 ut
683 1829 796 1863 eam
820 1815 1107 1863 devinctam
1131 1816 1327 1863 lumina
1354 1829 1536 1863 somno

242 1904 453 1966 liquerit
478 1903 747 1952 inmemori
773 1904 1040 1952 discedens
1067 1913 1275 1966 pectore
1299 1903 1564 1952 coniunx?

244 2007 401 2055 saepe
427 1992 570 2040 illam
595 1992 865 2054 perhibent
892 1993 1092 2041 ardenti
1120 1993 1273 2041 corde
1299 1992 1554 2040 furentem

114 2093 125 2130 ι
146 2090 211 2131 25
245 2080 529 2129 clarisonas
554 2081 658 2128 imo
684 2081 876 2129 fudisse
902 2095 929 2128 e
956 2090 1164 2144 pectore
1188 2095 1356 2140 voce8‚

244 2185 307 2218 ac
333 2175 441 2217 tum
468 2177 769 2232 praeruptos
796 2170 994 2217 tristem
1018 2170 1361 2218 conscendere
1384 2177 1607 2227 inemec,

244 2258 384 2307 unde
408 2259 571 2306 aciem
595 2257 649 2305 in
677 2259 845 2320 pelagi
872 2267 1039 2306 vastos
1068 2258 1394 2321 protenderet
1419 2266 1609 2316 aestus,

246 2347 589 2395 tum2tremuli
615 2347 737 2395 salis
764 2348 1003 2394 adversas
1031 2361 1328 2409 procurrere
1354 2346 1406 2393 in
1433 2346 1598 2393 undas

244 2435 426 2483 mollia
451 2435 671 2483 nudatae
696 2436 960 2483 tollentem
988 2435 1213 2497 tegmina
1236 2448 1404 2493 surae,

112 2531 214 2572 130
246 2531 403 2586 atque
428 2524 553 2572 haec
581 2523 817 2571 extremis
847 2531 1090 2570 maestam
1117 2522 1307 2569 dixisse
1332 2522 1593 2584 querellis,

249 2612 520 2674 frigidulos
549 2612 650 2659 udo
677 2612 933 2673 singultus
962 2624 1052 2657 ore
1078 2611 1313 2657 cientem.

1340 2716 1399 2761 5.
