1942 3000
70 705 130 746 20

66 1149 125 1192 25

62 1594 122 1635 30

60 2041 122 2082 35

51 2486 118 2525 40

785 187 961 225 usim
991 187 1034 225 1.
1557 183 1660 234 123

240 345 547 407 quaerebam
571 344 739 393 tardas
765 344 950 392 anxius
977 359 1142 407 usque
1167 360 1356 393 moras,

172 440 257 481 aut
281 446 378 494 ego
405 447 519 480 sum
547 441 783 481 causatus
812 447 928 481 aves
955 440 1043 481 aut
1069 433 1245 482 omina
1269 434 1395 492 dira,

240 521 506 571 Saturnive
530 536 729 570 sacram
754 535 835 569 me
860 521 1086 569 tenuisse
1113 521 1265 570 diem.

171 625 202 657 o
228 611 463 673 quotiens
491 610 752 672 ingressus
779 610 876 658 iter
900 609 1024 658 mihi
1054 610 1217 658 tristia
1243 610 1350 657 dixi

240 698 488 747 offensum
514 698 567 745 in
594 707 742 761 porta
766 698 916 759 signa
943 699 1142 747 dedisse
1168 699 1375 761 pedem!

169 787 353 835 audeat
375 786 538 834 invito
565 787 750 849 nequis
777 787 1042 835 discedere
1067 787 1276 846 Amore,

238 883 326 924 aut
349 876 479 924 sciat
503 890 766 938 egressum
792 890 848 924 se
873 876 1181 939 prohibente
1206 875 1319 925 de0.

167 964 287 1027 quid
311 972 401 1011 tua
427 979 565 1012 nune
588 964 686 1012 Isis
712 965 855 1023 mihi,
886 964 1057 1024 Delia,
1090 964 1212 1026 quid
1238 964 1365 1011 mihi
1391 973 1610 1027 prosunt

239 1053 330 1101 illa
352 1061 443 1100 tua
465 1053 656 1102 totiens
683 1068 813 1126 ἦρξα,
828 1054 1038 1116 repulsa
1061 1068 1236 1114 mauu,

168 1142 368 1205 quidve,
401 1141 486 1204 pie
512 1141 632 1189 dum
659 1157 806 1190 sacra
832 1142 979 1201 colis,
1011 1157 1241 1205 pureque
1267 1142 1428 1190 lavari

237 1238 288 1278 te
316 1230 573 1294 (memini)
602 1238 652 1279 et
675 1245 807 1294 puro
834 1232 1134 1280 secubuisse
1157 1238 1272 1279 toro
1289 1231 1312 1278 ’ἓ

166 1334 324 1379 nunc,
358 1320 470 1377 dea,
504 1335 642 1368 nune
667 1335 907 1369 succurre
931 1320 1057 1368 mihi
1086 1321 1230 1383 (nam
1257 1333 1410 1383 posse
1436 1319 1628 1367 mederi

239 1409 377 1471 picta
402 1410 553 1457 docet
577 1410 780 1472 templis
811 1411 972 1458 multa
1002 1410 1190 1458 tabella
1214 1408 1360 1470 tuis),

166 1505 226 1546 ut
249 1512 365 1546 mea
389 1498 580 1547 votivas
607 1498 904 1561 persolvens
933 1496 1089 1547 Delia
1114 1512 1264 1546 voees

238 1594 358 1634 ante
384 1601 555 1635 sacras
582 1587 690 1635 lino
718 1595 853 1634 tecta
878 1587 1016 1634 fores
1043 1586 1216 1634 sedeat

167 1675 351 1737 bisque
376 1677 456 1723 die
483 1678 710 1724 resoluta
736 1690 909 1725 eomas
936 1676 1029 1723 tibi
1055 1676 1225 1723 dicere
1250 1675 1428 1723 laudes

236 1765 458 1828 insignis
485 1767 636 1813 turba
663 1766 844 1813 debeat
865 1766 919 1812 in
946 1765 1153 1812 Pharia.

165 1863 222 1904 at
245 1855 370 1903 mihi
397 1855 665 1917 contingat
690 1855 884 1917 patrios
912 1855 1172 1903 celebrare
1198 1862 1408 1916 penates

239 1944 553 2005 reddereque
580 1943 796 2005 antiquo
821 1950 1086 1991 menstrua
1113 1950 1227 1990 tura
1252 1942 1365 1990 }ari.

167 2048 327 2096 quam
352 2033 483 2081 bene
511 2032 732 2081 Saturno
760 2032 999 2080 vivebant
1023 2046 1160 2094 rege,
1192 2031 1333 2094 prius
1361 2045 1516 2093 quam

240 2123 397 2170 tellus
423 2122 478 2169 in
505 2122 690 2183 longas
719 2129 798 2168 est
822 2121 1079 2184 patefacta
1104 2120 1239 2168 vias!

166 2211 403 2259 nondum
430 2210 691 2258 caeruleas
718 2209 870 2271 pinus
899 2214 1279 2270 contempserat
1303 2206 1486 2265 undaS,

243 2298 465 2346 effusum
489 2298 652 2346 ventis
680 2298 1089 2360 praebueratque
1112 2297 1299 2354 sinum,

166 2400 269 2436 nec
292 2401 451 2448 vagus
475 2386 668 2447 ignotis
695 2392 929 2448 repetens
958 2384 1250 2446 conpendia
1276 2384 1421 2432 terris

242 2482 503 2538 presserat
527 2483 740 2522 externa
765 2474 939 2521 navita
964 2487 1133 2522 merce
1158 2481 1335 2520 ratem.

164 2564 265 2613 illo
292 2578 400 2612 non
426 2563 624 2611 validus
651 2563 810 2610 subiit
835 2562 958 2624 iuga
984 2570 1211 2624 tempore
1237 2569 1435 2618 tauruS,

242 2667 353 2700 non
381 2650 575 2698 domito
601 2651 775 2698 frenos
805 2664 894 2697 ore
919 2648 1194 2696 momordit
1219 2662 1399 2710 equus,
