1942 3000
785 164 960 201 LIBER
994 164 1053 200 v.
1168 199 1173 202 ,
1564 160 1667 209 351

252 326 300 367 et
323 333 416 366 sua
442 326 698 366 nocturno
726 318 908 367 fallere
933 327 1080 380 terga
1104 319 1247 382 lupo,

95 418 149 456 15
187 415 350 470 posset
375 415 431 454 ut
453 407 680 455 intentos
707 414 823 456 astu
849 420 1061 454 caecare
1085 408 1314 466 maritos,

253 496 513 544 cornicum
538 495 801 543 inmeritas
829 494 959 542 eruit
983 509 1157 557 ungue
1183 509 1359 557 genas,

187 583 541 646 consuluitque
566 583 749 645 striges
776 589 955 631 nostro
985 579 1046 630 de
1071 584 1324 645 sanguine
1352 591 1402 631 et
1424 584 1480 631 in
1505 596 1588 631 me

251 671 589 734 hippomanes
617 670 752 718 fetae
773 668 970 717 semina
995 669 1121 731 legit
1145 684 1325 731 equae.

185 760 424 807 exorabat
451 772 581 821 opus
606 757 791 815 verbis,
826 771 931 805 ceu·
947 756 1139 804 blanda
1165 765 1394 819 pererrat

84 855 145 895 20
252 860 594 907 saxosamque
618 845 737 893 terit
762 839 940 893 sedula
966 845 1176 907 lympha
1200 845 1350 892 viam.

182 935 249 983 ‘si
274 942 322 982 te
348 948 445 982 eoa
469 934 823 982 Dorozantum
848 933 991 980 iuvat
1015 947 1172 980 aurea
1196 933 1310 996 ripa

252 1030 300 1070 et
325 1036 459 1084 quae
482 1023 578 1070 sub
603 1021 760 1083 Tyria
786 1022 986 1069 concha
1012 1020 1245 1083 superbit
1269 1036 1421 1083 aqua,

180 1109 523 1172 Eurypylique
548 1110 721 1172 placet
746 1107 886 1157 Coae
913 1116 1117 1158 textura
1141 1110 1405 1157 Minervae

250 1206 490 1260 sectaque
515 1197 579 1246 ab
605 1197 845 1245 Attalicis
872 1198 1043 1260 putria
1068 1197 1217 1259 signa
1243 1198 1385 1257 toris,

76 1297 139 1337 25
180 1300 270 1335 seu
295 1300 428 1348 quae
453 1286 761 1349 palmiferae*
779 1285 994 1333 mittunt
1017 1286 1218 1334 venalia
1241 1286 1468 1345 Thebae,

247 1388 552 1437 murreaque
575 1374 630 1421 in
655 1374 858 1423 Parthis
887 1374 1079 1437 pocula
1104 1383 1253 1422 cocta
1277 1374 1427 1433 socie,

178 1478 363 1528 sperne
389 1463 557 1522 fidem,
589 1463 831 1525 provolve
857 1461 1001 1522 deos,
1033 1462 1302 1511 mendacia
1326 1462 1553 1520 vincant,

248 1553 433 1615 frange
458 1560 509 1600 et
532 1551 811 1599 damnosae
836 1551 949 1599 iura
976 1551 1269 1614 pudicitiae.

178 1649 228 1689 et
251 1641 515 1689 stimulare
540 1641 670 1688 iram
694 1639 914 1703 pretium
938 1639 1093 1688 facit:
1136 1647 1281 1687 utere
1306 1638 1503 1687 causis:

66 1739 133 1781 30
247 1731 415 1778 maior
438 1729 598 1777 dilata
623 1734 778 1776 nocte
802 1735 1033 1776 recurret
1056 1742 1218 1776 amor.

174 1820 217 1867 si
244 1818 339 1867 tibi
363 1817 497 1866 forte
524 1831 695 1865 comas
722 1816 982 1864 vexaverit
1008 1816 1146 1864 utilis
1172 1816 1267 1875 ira,

246 1914 369 1969 post
394 1904 548 1953 modo
573 1911 800 1952 mercata
823 1917 951 1966 paee
977 1904 1284 1966 premendus
1311 1903 1424 1951 erit.

173 1995 401 2057 denique
428 1993 515 2041 ubi
539 1993 782 2054 amplexu
809 1990 1062 2039 Venerem
1089 1991 1380 2054 promiseris
1409 1998 1602 2053 empto,

245 2082 331 2130 fac
359 2081 569 2129 simules
595 2092 752 2142 puros
778 2076 928 2125 Isidis
956 2092 1071 2126 esse
1097 2077 1223 2126 dies.

57 2181 123 2223 35
167 2173 381 2232 ingerat
404 2169 592 2231 apriles
618 2169 730 2217 Iole
754 2170 865 2229 tibi,
897 2170 1080 2218 tundat
1102 2169 1318 2230 Amycle

244 2259 473 2306 natalem
497 2257 643 2305 maiis
670 2257 837 2306 idibus
865 2272 979 2306 esse
1003 2265 1166 2306 tuum.

157 2347 402 2410 supplex
426 2346 515 2394 ille
541 2345 712 2394 sedet:
756 2344 926 2408 posita
950 2353 1007 2392 tu
1031 2345 1198 2394 scribe
1223 2331 1466 2393 cathedra

245 2433 520 2496 quidlibet.
597 2433 689 2481 has
716 2439 848 2480 artes
877 2432 920 2480 si
947 2438 1098 2495 pavet
1121 2433 1229 2492 ille,
1263 2440 1423 2481 tenes.

162 2536 381 2584 semper
405 2522 538 2570 habe
562 2535 762 2569 morsus
790 2520 927 2568 circa
953 2528 1043 2571 tua
1067 2520 1205 2581 eolla
1226 2528 1478 2578 recentes,

40 2623 67 2662 4
83 2623 109 2662 0
244 2611 425 2659 litibus
450 2609 659 2658 alterius
688 2623 817 2671 quos
844 2616 990 2671 putet
1015 2623 1128 2661 esse
1152 2608 1319 2682 datos.
