1942 3000
325 197 428 247 164
921 199 1166 238 ‘rumam

393 371 639 420 aequora,
672 371 787 404 cum
813 356 928 404 telis
953 356 1018 403 ad
1045 356 1180 404 latus
1205 355 1282 403 ire
1307 355 1478 404 volet?

266 456 291 494 5
321 460 429 504 ure,
462 459 605 509 puer,
639 459 850 508 quaeso,
884 453 973 492 tua
1000 446 1087 507 qui
1113 445 1250 492 ferus
1278 444 1384 492 otia
1410 443 1576 506 liquit,

392 541 546 596 atque
572 535 757 582 iterum
784 547 1021 581 erronem
1048 534 1143 581 sub
1169 540 1258 581 tua
1283 534 1433 595 signa
1459 547 1601 580 voca.

322 623 460 686 quod
487 622 530 671 si
555 621 799 670 militibus
827 636 1025 684 parces,
1058 621 1151 670 erit
1174 621 1256 669 hic
1285 635 1491 684 quoque
1517 620 1682 680 mileS,

389 709 500 773 ipse
525 711 688 759 levem
712 711 861 773 galea
889 711 978 773 qui
1005 711 1103 758 sibi
1130 718 1302 773 portet
1327 724 1531 772 aquam.

321 807 487 848 castra
513 806 651 862 peto,
684 799 951 861 valeatque
979 799 1154 847 Venus
1181 800 1485 861 valeantque
1512 798 1745 861 puellae:

234 895 291 936 10
393 896 443 936 et
468 888 590 935 mihi
617 896 737 936 sunt
763 888 910 946 vires,
945 896 995 935 et
1020 887 1140 935 mihi
1169 887 1306 935 facta
1330 888 1520 936 tubast.

319 991 508 1039 magna
533 978 739 1039 loquor,
773 976 862 1024 sed
890 976 1163 1038 magnifice
1188 975 1312 1023 mihi
1337 991 1527 1038 magna
1552 977 1726 1025 locuto

390 1065 656 1113 excutiunt
682 1066 889 1113 clausae
913 1064 1069 1112 fortia
1092 1066 1247 1113 verba
1270 1064 1425 1114 fores.

319 1153 479 1203 iuravi
507 1154 744 1216 quotiens
771 1154 1053 1201 rediturum
1078 1153 1142 1201 ad
1170 1153 1350 1202 limina
1375 1153 1686 1217 numquam!

391 1257 508 1291 cum
534 1243 666 1290 bene
688 1242 869 1301 iuravi,
903 1257 993 1305 pes
1022 1250 1191 1290 tamen
1217 1242 1329 1304 ipse
1355 1242 1498 1290 redit.

233 1338 290 1379 15
319 1345 438 1380 acer
461 1330 640 1389 Amor,
673 1330 858 1379 fractas
887 1331 1083 1379 utinam
1110 1339 1198 1379 tua
1224 1332 1327 1379 tela
1350 1331 1580 1393 sagittae,

389 1420 433 1468 si
458 1419 594 1479 lieet,
628 1419 880 1468 extinctas
907 1419 1293 1482 adspiciamque
1318 1421 1486 1469 faces!

318 1516 376 1556 tu
399 1508 641 1557 miserum
669 1518 895 1572 torques,
930 1518 987 1557 tu
1013 1524 1091 1558 me
1120 1509 1238 1557 mihi
1266 1510 1377 1558 dira
1402 1510 1599 1573 precari

391 1597 533 1659 cogis
561 1604 612 1645 et
636 1597 821 1645 insana
845 1606 1016 1646 mente
1044 1598 1268 1646 nefanda
1299 1599 1462 1661 loqui.

318 1685 420 1733 iam
446 1685 581 1733 mala
608 1686 833 1734 finissem
859 1686 982 1745 lem,
1016 1687 1104 1734 sed
1132 1687 1339 1735 credula
1365 1687 1523 1735 vitam

228 1780 290 1821 20
392 1773 520 1836 Spes
548 1773 686 1821 fovet
712 1781 762 1821 et
787 1774 900 1822 fore
925 1789 1036 1823 cras
1063 1789 1265 1837 semper
1289 1776 1360 1824 ait
1385 1776 1589 1826 melius,

319 1860 446 1923 Spes
472 1862 566 1908 alit
592 1862 865 1923 agricolaS,
901 1861 1032 1924 Spes
1058 1863 1217 1911 sulcis
1246 1864 1403 1913 eredit
1427 1865 1583 1913 aratis

390 1948 600 2008 semina,
636 1963 769 2011 quae
795 1964 984 2011 magno
1011 1950 1189 1999 fenore
1215 1952 1392 2000 reddat
1417 1960 1567 2015 a'ger:

316 2037 443 2085 haec
466 2038 656 2099 laqueo
674 2038 925 2097 volucreS,
953 2039 1079 2088 haec
1106 2048 1278 2103 captat
1295 2041 1544 2091 arundine
1567 2042 1755 2105 pisceS,

389 2140 505 2173 cum
532 2133 710 2174 tenues
738 2127 915 2175 hamos
942 2129 1138 2177 abdidit
1163 2138 1282 2178 ante
1309 2131 1482 2181 cibus:

225 2220 287 2260 25
317 2213 444 2276 Spes
474 2214 628 2261 etiam
652 2214 820 2262 valida
845 2216 1042 2264 solatur
1069 2219 1313 2282 compede
1340 2220 1565 2268 vinctum

389 2301 563 2365 (crura
590 2312 779 2351 sonant
805 2303 958 2364 fen-0,
994 2306 1080 2354 sed
1111 2307 1251 2355 canit
1274 2308 1407 2356 inter
1432 2309 1620 2372 opus):

316 2389 443 2452 Spes
460 2389 667 2438 facilem
680 2391 935 2441 Nemesim
951 2395 1172 2457 spondet
1183 2397 1325 2455 mihi,
1356 2398 1444 2445 sed
1469 2407 1625 2461 negat
1645 2399 1754 2448 illa.

386 2476 468 2524 hei
494 2477 636 2535 mihi,
669 2494 734 2527 ne
761 2480 951 2541 vineas,
985 2484 1111 2531 dura
1136 2485 1328 2547 puella,
1361 2485 1525 2534 deam.

314 2578 485 2628 parce,
516 2581 609 2629 per
632 2567 892 2618 inmatura
917 2581 1035 2620 tuae
1062 2587 1245 2634 precor
1270 2588 1389 2621 ossa
1415 2576 1632 2624 sororis:

220 2659 283 2701 30
383 2652 455 2701 sic
482 2654 615 2702 bene
641 2657 734 2704 sub
763 2665 940 2706 tenera
966 2674 1120 2722 parva
1148 2660 1379 2722 quiescat
1402 2662 1575 2711 hum0.
