1942 3000
82 700 137 740 10

72 1142 134 1181 15

66 1585 131 1625 20

67 2026 132 2066 25

67 2467 130 2508 30

781 181 960 223 LIBER
993 186 1052 223 V.

248 340 413 388 fistula
439 347 648 402 poturas
676 341 751 390 ire
773 342 985 390 iubebat
1009 356 1146 391 oves.

179 428 310 476 hune
333 428 513 476 Tatius
540 429 736 478 fontem
761 431 896 478 vallo
923 430 1210 493 praecingit
1240 444 1448 491 acerne,

246 516 445 579 fidaque
471 526 714 580 suggesta
739 526 908 566 castra
933 527 1150 567 coronat
1175 519 1347 567 hume.

178 605 296 666 quid
322 613 430 652 tum
455 605 619 653 Roma
646 606 759 665 fuit,
794 606 1004 654 tubicen
1031 606 1199 654 vicina
1226 605 1426 656 Curetis

246 707 361 740 cum
386 701 617 755 quateret
641 695 782 742 lento
810 708 1070 742 murmure
1096 709 1222 742 saxa
1247 695 1403 754 IoviS,

176 788 327 843 atque
352 782 439 830 ubi
467 796 606 831 nune
631 782 778 831 terris
804 782 1048 831 dicuntur
1070 783 1183 830 iura
1207 783 1450 841 sabaoth,

244 871 446 918 stabant
471 870 706 919 Romano
732 871 841 933 pila
866 871 1061 921 Sabina
1085 870 1236 919 foro?

1542 185 1664 234 ·347

174 966 518 1006 murus-erant
542 966 774 1007 montes:
818 959 906 1006 ubi
932 973 1073 1007 nunc
1100 965 1177 1007 est
1201 958 1353 1007 curia.
1367 965 1562 1021 saepta,

246 1045 460 1094 bellicus
489 1060 554 1094 ex
579 1047 672 1094 illo
699 1046 844 1094 fonte
872 1047 1079 1095 bibebat
1105 1060 1286 1109 equus.

176 1131 294 1180 hine
318 1133 542 1195 Tarpeia
566 1133 693 1181 deae
719 1133 914 1182 fontem
940 1134 1142 1182 libavit:
1189 1141 1242 1182 at
1265 1134 1343 1183 illi

243 1222 459 1283 urgebat
483 1222 704 1288 medium
730 1222 899 1270 fictilis
926 1238 1060 1270 urna
1085 1230 1255 1285 caput.

175 1315 225 1356 et
249 1309 372 1356 satis
399 1323 503 1356 una
529 1310 695 1357 malae
718 1310 890 1372 potuit
912 1324 1051 1358 mors
1079 1324 1192 1358 esse
1215 1310 1438 1373 puellae,

247 1411 380 1459 quae
406 1397 570 1444 voluit
596 1398 825 1446 flammas
852 1397 1051 1457 fallere,
1086 1397 1265 1456 Vesta,
1297 1399 1449 1446 tuas?

175 1486 298 1534 vidit
323 1485 555 1535 arenosis
580 1485 788 1534 Tatium
813 1487 1091 1550 proludere
1117 1485 1329 1548 campis,

245 1575 488 1638 pictaque
520 1589 612 1638 per
640 1575 793 1623 flavas
820 1589 963 1623 arma
989 1576 1158 1623 levare
1183 1574 1347 1623 iubae.

175 1662 441 1725 obstupuit
466 1662 600 1724 regis
626 1661 763 1710 faeie
790 1670 841 1710 et
866 1662 1123 1723 regalibus
1150 1662 1323 1721 armiS‚

245 1752 482 1813 interque
511 1751 698 1799 oblitas
725 1750 913 1799 excidit
937 1764 1068 1798 urna
1093 1763 1294 1797 manus,

174 1854 331 1904 saepe
357 1841 450 1888 illa
476 1840 744 1888 inmeritae
770 1848 980 1888 causata
1006 1846 1084 1888 est
1109 1839 1284 1887 omina
1308 1839 1464 1887 lunae

248 1937 299 1977 et
323 1928 421 1976 sibi
444 1928 753 1990 tinguendas
780 1928 910 1976 dixit
934 1927 989 1974 in
1014 1941 1166 1975 amne
1193 1939 1393 1974 comas:

175 2031 331 2079 saepe
356 2016 474 2065 tulit
503 2017 704 2066 blandis
731 2024 978 2078 argentea
1004 2016 1113 2063 lilia
1142 2013 1397 2077 nymphi&

249 2104 470 2152 Romula
495 2118 561 2151 ne
586 2104 771 2151 faeiem
796 2104 1021 2151 laederet
1045 2103 1192 2151 hasta
1214 2102 1350 2150 Tati.

174 2194 403 2254 dumque
429 2193 567 2240 subit
590 2192 757 2254 primo
785 2189 1042 2253 Capitolia
1066 2189 1248 2237 nubila
1272 2187 1433 2247 sume,

249 2281 444 2329 rettulit
467 2280 673 2328 hirsutis
702 2279 942 2327 bracchia
966 2285 1107 2326 secta
1131 2277 1292 2335 rubiS‚

175 2378 227 2418 et
253 2384 348 2417 sua
370 2369 594 2431 Tarpeia
619 2367 848 2416 residens
876 2367 948 2415 ita
973 2366 1110 2413 flevit
1133 2366 1199 2413 ab
1225 2377 1342 2413 aree

250 2457 483 2515 vulnera,
520 2456 689 2505 vicino
717 2470 824 2504 non
851 2455 1096 2518 patienda
1118 2453 1244 2502 Iovi.

173 2546 352 2608 ‘ignes
380 2551 663 2593 castrorum
689 2551 740 2592 et
762 2543 945 2592 Tatiae
971 2541 1231 2606 praetoria
1255 2548 1452 2588 turmae

255 2641 307 2683 et
331 2632 561 2681 formosa
585 2633 750 2681 oculis
777 2647 917 2680 arma
943 2630 1136 2682 Sabina
1159 2630 1304 2687 meiS‚
