1942 3000
780 173 962 211 Lmen
992 173 1035 210 1.
1553 169 1661 221 203

60 337 80 377 1
95 339 118 378 5
159 329 391 377 subiecto
418 329 599 377 leviter
623 329 844 391 positam
869 336 1119 393 temptare
1144 330 1355 388 lacertO,

232 417 514 480 osculaque
538 418 744 466 admota
770 432 972 466 sumere
998 418 1062 465 ad
1090 433 1180 466 ora
1206 433 1381 478 manu,

158 519 265 553 non
292 512 464 553 tamen
490 521 646 555 ausus
674 521 813 554 eram
840 506 1083 554 dominae
1107 507 1314 555 turbare
1341 506 1585 569 quietem,

232 602 474 655 expertae
498 602 731 643 metuens
755 595 923 658 iurgia
949 595 1212 653 saevitiae,

160 682 249 730 sed
276 682 351 730 sie
374 681 583 732 intentis
609 684 886 733 haerebam
910 685 1043 732 fixus
1071 683 1270 740 ocelli&

56 778 117 819 20
228 772 401 833 Argus
429 779 486 819 ut
508 772 699 833 ignotis
728 772 968 820 cornibus
995 771 1291 819 Inachidos,

159 866 210 908 et
232 860 385 907 modo
413 859 675 908 solvebam
700 867 879 908 nostra
903 860 965 907 de
992 860 1162 907 fronte
1188 860 1413 910 corollas

230 948 591 1011 ponebamque
616 947 734 1006 tuiS‚
769 946 1006 1009 Cynthia,
1038 948 1371 1010 temporibus,

161 1043 211 1085 et
235 1036 389 1085 modo
417 1036 704 1099 gaudebam
729 1037 904 1099 lapsos
932 1037 1158 1084 formare
1184 1036 1420 1099 capium,

230 1139 371 1172 nunc
396 1124 582 1172 furtiva
607 1126 742 1174 cavis
770 1140 925 1188 poma
950 1126 1136 1173 dabam
1160 1125 1415 1184 manibus,

52 1218 116 1260 25
157 1213 437 1275 omniaque
461 1214 665 1277 ingrato
692 1214 921 1276 largibar
943 1228 1158 1261 munera
1183 1228 1385 1273 somno,

228 1317 445 1350 munera
469 1303 530 1350 de
557 1317 722 1364 prono
749 1316 903 1364 saepe
928 1302 1105 1349 voluta
1131 1302 1267 1350 sinu.

158 1397 208 1440 et
235 1391 473 1453 quotiens
499 1405 614 1438 raro
642 1391 784 1438 duxti
810 1390 1031 1452 suspiria
1056 1398 1215 1450 motu,

233 1480 476 1542 obstupui
501 1493 631 1528 vano
660 1479 897 1529 credulus
924 1478 1177 1542 auspicio,

159 1583 333 1632 nequa
357 1569 450 1617 tibi
475 1569 712 1617 insolitos
739 1576 1006 1631 portarent
1030 1569 1139 1617 visa
1164 1568 1390 1628 timoreS,

55 1667 117 1707 3ο
232 1672 361 1705 neve
387 1658 504 1720 quis
530 1657 743 1705 invitam
770 1665 983 1720 cogeret
1005 1671 1119 1706 esse
1143 1671 1307 1705 suam,

160 1747 325 1796 donec
351 1747 573 1794 diversas
599 1760 901 1808 percurrens
927 1747 1052 1794 luna
1076 1747 1345 1806 fenestrae,

229 1836 356 1884 luna
378 1834 651 1883 moraturis
678 1835 857 1883 sedula
882 1835 1182 1892 luminibu8‚

160 1924 461 1986 conpositos
486 1924 681 1972 levibus
709 1923 863 1971 radiis
891 1923 1135 1985 patefecit
1160 1923 1372 1972 ocellos.

232 2013 305 2060 sie
331 2012 418 2072 ait,
449 2013 504 2059 in
528 2011 675 2059 molli
701 2012 805 2061 fixa
830 2020 943 2059 toro
973 2013 1219 2071 cubitum,

29 2109 118 2150 ·35
157 2101 385 2149 ‘tandem
410 2107 461 2148 te
487 2107 663 2148 nostro
690 2100 919 2148 referens
946 2100 1137 2148 iniuria
1161 2100 1295 2148 lecto

232 2190 441 2237 alterius
470 2187 658 2237 clausis
687 2189 884 2250 expulit
909 2203 937 2236 e
962 2188 1158 2237 foribus
1173 2189 1196 2236 ἲ

160 2292 387 2340 namque
414 2278 502 2326 ubi
526 2278 687 2339 longa
710 2290 856 2324 meae
877 2276 1200 2339 consumpsti
1223 2284 1456 2339 tempora
1468 2277 1653 2335 noetiS‚

231 2367 508 2428 languidus
535 2365 731 2413 exactis
758 2365 841 2413 hei
866 2365 992 2412 mihi
1019 2365 1306 2414 sideribus?

163 2470 193 2503 o
222 2455 422 2503 utinam
446 2454 574 2503 tales
601 2453 874 2517 producam,
904 2454 1142 2518 inprobe,
1174 2462 1371 2513 noeteS‚
1403 2476 1411 2490 ·

54 2552 118 2593 4ο
231 2559 315 2592 me
338 2544 578 2592 miseram
610 2544 788 2605 quales
816 2556 1018 2605 semper
1045 2543 1235 2590 habere
1258 2542 1431 2591 iubes!

160 2646 283 2681 nam
307 2633 461 2681 modo
488 2645 747 2694 purpureo
773 2630 1019 2679 fallebam
1041 2632 1257 2679 stamine
1278 2645 1538 2689 somnum,
