<?xml version="1.0" encoding="UTF-8"?>
<!DOCTYPE html PUBLIC "-//W3C//DTD XHTML 1.0 Transitional//EN"
    "http://www.w3.org/TR/xhtml1/DTD/xhtml1-transitional.dtd">
<html xmlns="http://www.w3.org/1999/xhtml" xml:lang="en" lang="en">
 <head>
  <title>
</title>
<meta http-equiv="Content-Type" content="text/html;charset=utf-8" />
  <meta name='ocr-system' content='tesseract 3.04.00' />
  <meta name='ocr-capabilities' content='ocr_page ocr_carea ocr_par ocr_line ocrx_word'/>
</head>
<body>
  <div class='ocr_page' id='page_1' title='image "./catullitibullip02vahlgoog_0046.png"; bbox 0 0 1942 3000; ppageno 0'>
   <div class='ocr_carea' id='block_1_1' title="bbox 238 142 1113 192">
    <p class='ocr_par' dir='ltr' id='par_1_1' title="bbox 238 142 1113 192">
     <span class='ocr_line' id='line_1_1' title="bbox 238 142 1113 192; baseline -0.009 0"><span class='ocrx_word' id='word_1_1' title='bbox 238 142 309 192; x_wconf 83' lang='grc'><strong>36</strong></span> <span class='ocrx_word' id='word_1_2' title='bbox 856 146 1113 186; x_wconf 82' lang='lat' dir='ltr'>CATULLI</span> 
     </span>
    </p>
   </div>
   <div class='ocr_carea' id='block_1_2' title="bbox 824 408 1149 458">
    <p class='ocr_par' dir='ltr' id='par_1_2' title="bbox 824 408 1149 458">
     <span class='ocr_line' id='line_1_2' title="bbox 824 408 1149 458; baseline 0.006 -2"><span class='ocrx_word' id='word_1_3' title='bbox 824 408 1149 458; x_wconf 85' lang='lat' dir='ltr'><strong>XXXXIHI.</strong></span> 
     </span>
    </p>
   </div>
   <div class='ocr_carea' id='block_1_3' title="bbox 132 567 1664 2405">
    <p class='ocr_par' dir='ltr' id='par_1_3' title="bbox 132 567 1664 2405">
     <span class='ocr_line' id='line_1_3' title="bbox 241 567 1343 618; baseline 0.002 -2"><span class='ocrx_word' id='word_1_4' title='bbox 241 567 286 617; x_wconf 93' lang='grc' dir='ltr'>Ο</span> <span class='ocrx_word' id='word_1_5' title='bbox 314 568 470 616; x_wconf 90' lang='lat' dir='ltr'><strong>funde</strong></span> <span class='ocrx_word' id='word_1_6' title='bbox 497 576 674 616; x_wconf 89' lang='lat' dir='ltr'><strong>noster</strong></span> <span class='ocrx_word' id='word_1_7' title='bbox 698 583 790 617; x_wconf 89' lang='lat' dir='ltr'><strong>seu</strong></span> <span class='ocrx_word' id='word_1_8' title='bbox 815 568 1007 618; x_wconf 83' lang='lat' dir='ltr'><strong>Sabine</strong></span> <span class='ocrx_word' id='word_1_9' title='bbox 1039 584 1131 618; x_wconf 89' lang='lat' dir='ltr'><strong>seu</strong></span> <span class='ocrx_word' id='word_1_10' title='bbox 1154 570 1343 618; x_wconf 87' lang='lat' dir='ltr'><strong>Tiburs</strong></span> 
     </span>
     <span class='ocr_line' id='line_1_4' title="bbox 241 657 1664 721; baseline 0.002 -17"><span class='ocrx_word' id='word_1_11' title='bbox 241 657 387 720; x_wconf 89' lang='lat' dir='ltr'><strong>(nam</strong></span> <span class='ocrx_word' id='word_1_12' title='bbox 413 666 463 704; x_wconf 87' lang='lat' dir='ltr'><strong>te</strong></span> <span class='ocrx_word' id='word_1_13' title='bbox 490 671 602 705; x_wconf 88' lang='lat' dir='ltr'><strong>esse</strong></span> <span class='ocrx_word' id='word_1_14' title='bbox 627 657 896 706; x_wconf 76' lang='lat' dir='ltr'><strong>Tiburtem</strong></span> <span class='ocrx_word' id='word_1_15' title='bbox 921 666 1205 719; x_wconf 78' lang='lat' dir='ltr'><strong>autumant,</strong></span> <span class='ocrx_word' id='word_1_16' title='bbox 1238 659 1424 721; x_wconf 88' lang='lat' dir='ltr'><strong>quibus</strong></span> <span class='ocrx_word' id='word_1_17' title='bbox 1450 673 1558 707; x_wconf 91' lang='lat' dir='ltr'><strong>non</strong></span> <span class='ocrx_word' id='word_1_18' title='bbox 1587 669 1664 708; x_wconf 87' lang='lat' dir='ltr'><strong>est</strong></span> 
     </span>
     <span class='ocr_line' id='line_1_5' title="bbox 239 744 1466 809; baseline 0.002 -17"><span class='ocrx_word' id='word_1_19' title='bbox 239 745 380 793; x_wconf 80' lang='lat' dir='ltr'><strong>cordi</strong></span> <span class='ocrx_word' id='word_1_20' title='bbox 407 744 667 794; x_wconf 87' lang='lat' dir='ltr'><strong>Catullum</strong></span> <span class='ocrx_word' id='word_1_21' title='bbox 692 745 923 795; x_wconf 86' lang='lat' dir='ltr'><strong>laedere:</strong></span> <span class='ocrx_word' id='word_1_22' title='bbox 965 756 1019 794; x_wconf 87' lang='lat' dir='ltr'><strong>at</strong></span> <span class='ocrx_word' id='word_1_23' title='bbox 1043 747 1229 809; x_wconf 87' lang='lat' dir='ltr'><strong>quibus</strong></span> <span class='ocrx_word' id='word_1_24' title='bbox 1256 747 1466 806; x_wconf 84' lang='lat' dir='ltr'><strong>eordist‚</strong></span> 
     </span>
     <span class='ocr_line' id='line_1_6' title="bbox 239 834 1467 899; baseline 0.003 -18"><span class='ocrx_word' id='word_1_25' title='bbox 239 835 418 896; x_wconf 89' lang='lat' dir='ltr'><strong>quovis</strong></span> <span class='ocrx_word' id='word_1_26' title='bbox 447 834 696 884; x_wconf 89' lang='lat' dir='ltr'><strong>Sabinum</strong></span> <span class='ocrx_word' id='word_1_27' title='bbox 722 835 939 898; x_wconf 88' lang='lat' dir='ltr'><strong>pignore</strong></span> <span class='ocrx_word' id='word_1_28' title='bbox 967 850 1080 885; x_wconf 88' lang='lat' dir='ltr'><strong>esse</strong></span> <span class='ocrx_word' id='word_1_29' title='bbox 1107 837 1467 899; x_wconf 85' lang='lat' dir='ltr'><strong>contendunt),</strong></span> 
     </span>
     <span class='ocr_line' id='line_1_7' title="bbox 170 921 1217 984; baseline 0.005 -16"><span class='ocrx_word' id='word_1_30' title='bbox 170 931 196 969; x_wconf 81' lang='lat'>5</span> <span class='ocrx_word' id='word_1_31' title='bbox 239 921 327 969; x_wconf 90' lang='lat' dir='ltr'><strong>sed</strong></span> <span class='ocrx_word' id='word_1_32' title='bbox 356 936 448 970; x_wconf 90' lang='lat' dir='ltr'><strong>seu</strong></span> <span class='ocrx_word' id='word_1_33' title='bbox 473 921 662 971; x_wconf 86' lang='lat' dir='ltr'><strong>Sabine</strong></span> <span class='ocrx_word' id='word_1_34' title='bbox 688 923 794 971; x_wconf 88' lang='lat' dir='ltr'><strong>sive</strong></span> <span class='ocrx_word' id='word_1_35' title='bbox 818 924 985 972; x_wconf 88' lang='lat' dir='ltr'><strong>verius</strong></span> <span class='ocrx_word' id='word_1_36' title='bbox 1010 925 1217 984; x_wconf 88' lang='lat' dir='ltr'><strong>Tiburs,</strong></span> 
     </span>
     <span class='ocr_line' id='line_1_8' title="bbox 237 1010 1073 1060; baseline 0.002 -2"><span class='ocrx_word' id='word_1_37' title='bbox 237 1010 313 1058; x_wconf 80' lang='lat' dir='ltr'><strong>fui</strong></span> <span class='ocrx_word' id='word_1_38' title='bbox 339 1010 561 1059; x_wconf 81' lang='lat' dir='ltr'><strong>libenter</strong></span> <span class='ocrx_word' id='word_1_39' title='bbox 583 1010 638 1058; x_wconf 90' lang='lat' dir='ltr'><strong>in</strong></span> <span class='ocrx_word' id='word_1_40' title='bbox 664 1018 753 1059; x_wconf 86' lang='lat' dir='ltr'><strong>tua</strong></span> <span class='ocrx_word' id='word_1_41' title='bbox 775 1012 1073 1060; x_wconf 90' lang='lat' dir='ltr'><strong>suburbana</strong></span> 
     </span>
     <span class='ocr_line' id='line_1_9' title="bbox 235 1099 1334 1163; baseline 0.002 -17"><span class='ocrx_word' id='word_1_42' title='bbox 235 1099 358 1147; x_wconf 85' lang='lat' dir='ltr'><strong>villa</strong></span> <span class='ocrx_word' id='word_1_43' title='bbox 383 1099 676 1162; x_wconf 87' lang='lat' dir='ltr'><strong>malamque</strong></span> <span class='ocrx_word' id='word_1_44' title='bbox 701 1106 910 1162; x_wconf 82' lang='lat' dir='ltr'><strong>pectore</strong></span> <span class='ocrx_word' id='word_1_45' title='bbox 935 1100 1111 1163; x_wconf 85' lang='lat' dir='ltr'><strong>expuli</strong></span> <span class='ocrx_word' id='word_1_46' title='bbox 1137 1100 1334 1161; x_wconf 78' lang='lat' dir='ltr'><strong>tussim,</strong></span> 
     </span>
     <span class='ocr_line' id='line_1_10' title="bbox 237 1188 1364 1252; baseline 0.003 -16"><span class='ocrx_word' id='word_1_47' title='bbox 237 1203 344 1236; x_wconf 91' lang='lat' dir='ltr'><strong>non</strong></span> <span class='ocrx_word' id='word_1_48' title='bbox 370 1188 644 1237; x_wconf 91' lang='lat' dir='ltr'><strong>inmerenti</strong></span> <span class='ocrx_word' id='word_1_49' title='bbox 671 1204 826 1252; x_wconf 91' lang='lat' dir='ltr'><strong>quam</strong></span> <span class='ocrx_word' id='word_1_50' title='bbox 849 1189 977 1237; x_wconf 90' lang='lat' dir='ltr'><strong>mihi</strong></span> <span class='ocrx_word' id='word_1_51' title='bbox 1001 1204 1144 1238; x_wconf 88' lang='lat' dir='ltr'><strong>meus</strong></span> <span class='ocrx_word' id='word_1_52' title='bbox 1170 1197 1364 1251; x_wconf 86' lang='lat' dir='ltr'><strong>venter,</strong></span> 
     </span>
     <span class='ocr_line' id='line_1_11' title="bbox 237 1276 1334 1340; baseline 0.004 -17"><span class='ocrx_word' id='word_1_53' title='bbox 237 1276 358 1324; x_wconf 91' lang='lat' dir='ltr'><strong>dum</strong></span> <span class='ocrx_word' id='word_1_54' title='bbox 383 1283 707 1339; x_wconf 86' lang='lat' dir='ltr'><strong>sumptuosas</strong></span> <span class='ocrx_word' id='word_1_55' title='bbox 734 1284 940 1340; x_wconf 80' lang='lat' dir='ltr'><strong>appete,</strong></span> <span class='ocrx_word' id='word_1_56' title='bbox 977 1278 1131 1338; x_wconf 86' lang='lat' dir='ltr'><strong>dedit,</strong></span> <span class='ocrx_word' id='word_1_57' title='bbox 1164 1293 1334 1328; x_wconf 84' lang='lat' dir='ltr'><strong>cenas.</strong></span> 
     </span>
     <span class='ocr_line' id='line_1_12' title="bbox 135 1363 1371 1427; baseline 0.004 -16"><span class='ocrx_word' id='word_1_58' title='bbox 135 1371 196 1411; x_wconf 84' lang='lat'><strong>10</strong></span> <span class='ocrx_word' id='word_1_59' title='bbox 238 1378 374 1423; x_wconf 90' lang='lat' dir='ltr'><strong>nam,</strong></span> <span class='ocrx_word' id='word_1_60' title='bbox 409 1363 678 1414; x_wconf 86' lang='lat' dir='ltr'><strong>Sestianus</strong></span> <span class='ocrx_word' id='word_1_61' title='bbox 705 1366 826 1413; x_wconf 90' lang='lat' dir='ltr'><strong>dum</strong></span> <span class='ocrx_word' id='word_1_62' title='bbox 849 1366 967 1414; x_wconf 89' lang='lat' dir='ltr'><strong>volo</strong></span> <span class='ocrx_word' id='word_1_63' title='bbox 998 1380 1111 1415; x_wconf 89' lang='lat' dir='ltr'><strong>esse</strong></span> <span class='ocrx_word' id='word_1_64' title='bbox 1138 1367 1371 1427; x_wconf 85' lang='lat' dir='ltr'><strong>conviva,</strong></span> 
     </span>
     <span class='ocr_line' id='line_1_13' title="bbox 237 1453 1143 1519; baseline 0.006 -19"><span class='ocrx_word' id='word_1_65' title='bbox 237 1453 525 1502; x_wconf 86' lang='lat' dir='ltr'><strong>orationem</strong></span> <span class='ocrx_word' id='word_1_66' title='bbox 549 1454 605 1502; x_wconf 92' lang='lat' dir='ltr'><strong>in</strong></span> <span class='ocrx_word' id='word_1_67' title='bbox 629 1453 846 1504; x_wconf 87' lang='lat' dir='ltr'><strong>Antium</strong></span> <span class='ocrx_word' id='word_1_68' title='bbox 870 1456 1143 1519; x_wconf 85' lang='lat' dir='ltr'><strong>petitorem</strong></span> 
     </span>
     <span class='ocr_line' id='line_1_14' title="bbox 235 1544 1218 1609; baseline 0.002 -18"><span class='ocrx_word' id='word_1_69' title='bbox 235 1544 443 1607; x_wconf 87' lang='lat' dir='ltr'><strong>plenam</strong></span> <span class='ocrx_word' id='word_1_70' title='bbox 467 1545 650 1594; x_wconf 89' lang='lat' dir='ltr'><strong>veneni</strong></span> <span class='ocrx_word' id='word_1_71' title='bbox 676 1553 727 1594; x_wconf 89' lang='lat' dir='ltr'><strong>et</strong></span> <span class='ocrx_word' id='word_1_72' title='bbox 750 1546 1074 1609; x_wconf 80' lang='lat' dir='ltr'><strong>pestilentiae</strong></span> <span class='ocrx_word' id='word_1_73' title='bbox 1097 1546 1218 1609; x_wconf 87' lang='lat' dir='ltr'><strong>legi.</strong></span> 
     </span>
     <span class='ocr_line' id='line_1_15' title="bbox 235 1632 1400 1698; baseline 0.002 -17"><span class='ocrx_word' id='word_1_74' title='bbox 235 1632 320 1681; x_wconf 84' lang='lat' dir='ltr'><strong>hie</strong></span> <span class='ocrx_word' id='word_1_75' title='bbox 343 1647 426 1681; x_wconf 90' lang='lat' dir='ltr'><strong>me</strong></span> <span class='ocrx_word' id='word_1_76' title='bbox 451 1634 660 1696; x_wconf 89' lang='lat' dir='ltr'><strong>gravido</strong></span> <span class='ocrx_word' id='word_1_77' title='bbox 687 1634 876 1696; x_wconf 86' lang='lat' dir='ltr'><strong>frigida</strong></span> <span class='ocrx_word' id='word_1_78' title='bbox 903 1641 953 1683; x_wconf 90' lang='lat' dir='ltr'><strong>et</strong></span> <span class='ocrx_word' id='word_1_79' title='bbox 978 1635 1221 1698; x_wconf 84' lang='lat' dir='ltr'><strong>frequens</strong></span> <span class='ocrx_word' id='word_1_80' title='bbox 1247 1635 1400 1683; x_wconf 88' lang='lat' dir='ltr'><strong>tussis</strong></span> 
     </span>
     <span class='ocr_line' id='line_1_16' title="bbox 237 1721 1412 1786; baseline 0.003 -18"><span class='ocrx_word' id='word_1_81' title='bbox 237 1721 496 1783; x_wconf 83' lang='lat' dir='ltr'><strong>quassavit</strong></span> <span class='ocrx_word' id='word_1_82' title='bbox 520 1735 686 1784; x_wconf 88' lang='lat' dir='ltr'><strong>usque</strong></span> <span class='ocrx_word' id='word_1_83' title='bbox 711 1722 832 1770; x_wconf 89' lang='lat' dir='ltr'><strong>dum</strong></span> <span class='ocrx_word' id='word_1_84' title='bbox 855 1723 910 1771; x_wconf 91' lang='lat' dir='ltr'><strong>in</strong></span> <span class='ocrx_word' id='word_1_85' title='bbox 936 1729 1082 1770; x_wconf 85' lang='lat' dir='ltr'><strong>tuum</strong></span> <span class='ocrx_word' id='word_1_86' title='bbox 1106 1723 1276 1771; x_wconf 90' lang='lat' dir='ltr'><strong>sinum</strong></span> <span class='ocrx_word' id='word_1_87' title='bbox 1302 1723 1412 1786; x_wconf 84' lang='lat' dir='ltr'><strong>fugi</strong></span> 
     </span>
     <span class='ocr_line' id='line_1_17' title="bbox 136 1809 1165 1873; baseline 0.003 -16"><span class='ocrx_word' id='word_1_88' title='bbox 136 1816 194 1859; x_wconf 82' lang='lat'><strong>15</strong></span> <span class='ocrx_word' id='word_1_89' title='bbox 237 1817 287 1857; x_wconf 91' lang='lat' dir='ltr'><strong>et</strong></span> <span class='ocrx_word' id='word_1_90' title='bbox 310 1823 392 1857; x_wconf 91' lang='lat' dir='ltr'><strong>me</strong></span> <span class='ocrx_word' id='word_1_91' title='bbox 416 1809 644 1859; x_wconf 84' lang='lat' dir='ltr'><strong>recuravi</strong></span> <span class='ocrx_word' id='word_1_92' title='bbox 671 1810 879 1873; x_wconf 90' lang='lat' dir='ltr'><strong>otioque</strong></span> <span class='ocrx_word' id='word_1_93' title='bbox 906 1817 956 1858; x_wconf 90' lang='lat' dir='ltr'><strong>et</strong></span> <span class='ocrx_word' id='word_1_94' title='bbox 981 1811 1165 1860; x_wconf 84' lang='lat' dir='ltr'><strong>urtica.</strong></span> 
     </span>
     <span class='ocr_line' id='line_1_18' title="bbox 236 1899 1230 1964; baseline 0.004 -18"><span class='ocrx_word' id='word_1_95' title='bbox 236 1913 397 1961; x_wconf 90' lang='lat' dir='ltr'><strong>quare</strong></span> <span class='ocrx_word' id='word_1_96' title='bbox 422 1899 640 1948; x_wconf 84' lang='lat' dir='ltr'><strong>refectus</strong></span> <span class='ocrx_word' id='word_1_97' title='bbox 666 1900 918 1949; x_wconf 83' lang='lat' dir='ltr'><strong>maximas</strong></span> <span class='ocrx_word' id='word_1_98' title='bbox 945 1900 1037 1949; x_wconf 87' lang='lat' dir='ltr'><strong>tibi</strong></span> <span class='ocrx_word' id='word_1_99' title='bbox 1063 1909 1230 1964; x_wconf 86' lang='lat' dir='ltr'><strong>grates</strong></span> 
     </span>
     <span class='ocr_line' id='line_1_19' title="bbox 235 1988 1379 2053; baseline 0.003 -19"><span class='ocrx_word' id='word_1_100' title='bbox 235 2002 352 2049; x_wconf 83' lang='lat' dir='ltr'><strong>ago,</strong></span> <span class='ocrx_word' id='word_1_101' title='bbox 385 2002 556 2035; x_wconf 87' lang='lat' dir='ltr'><strong>meum</strong></span> <span class='ocrx_word' id='word_1_102' title='bbox 581 1988 719 2051; x_wconf 92' lang='lat' dir='ltr'><strong>quod</strong></span> <span class='ocrx_word' id='word_1_103' title='bbox 745 2003 850 2036; x_wconf 91' lang='lat' dir='ltr'><strong>non</strong></span> <span class='ocrx_word' id='word_1_104' title='bbox 880 2002 933 2038; x_wconf 87' lang='lat' dir='ltr'><strong>es</strong></span> <span class='ocrx_word' id='word_1_105' title='bbox 959 1989 1070 2037; x_wconf 92' lang='lat' dir='ltr'><strong>ulta</strong></span> <span class='ocrx_word' id='word_1_106' title='bbox 1095 1997 1379 2053; x_wconf 84' lang='lat' dir='ltr'><strong>peecatum.</strong></span> 
     </span>
     <span class='ocr_line' id='line_1_20' title="bbox 234 2075 1270 2142; baseline 0.002 -19"><span class='ocrx_word' id='word_1_107' title='bbox 234 2089 331 2124; x_wconf 84' lang='lat' dir='ltr'><strong>nec</strong></span> <span class='ocrx_word' id='word_1_108' title='bbox 357 2075 606 2139; x_wconf 83' lang='lat' dir='ltr'><strong>deprecor</strong></span> <span class='ocrx_word' id='word_1_109' title='bbox 631 2076 751 2136; x_wconf 92' lang='lat' dir='ltr'><strong>iam,</strong></span> <span class='ocrx_word' id='word_1_110' title='bbox 785 2077 829 2125; x_wconf 88' lang='lat' dir='ltr'><strong>si</strong></span> <span class='ocrx_word' id='word_1_111' title='bbox 855 2077 1054 2126; x_wconf 89' lang='lat' dir='ltr'><strong>nefaria</strong></span> <span class='ocrx_word' id='word_1_112' title='bbox 1079 2079 1270 2142; x_wconf 86' lang='lat' dir='ltr'><strong>scripta</strong></span> 
     </span>
     <span class='ocr_line' id='line_1_21' title="bbox 236 2163 1418 2227; baseline 0.001 -14"><span class='ocrx_word' id='word_1_113' title='bbox 236 2163 367 2213; x_wconf 88' lang='lat' dir='ltr'><strong>Sesti</strong></span> <span class='ocrx_word' id='word_1_114' title='bbox 396 2178 626 2226; x_wconf 86' lang='lat' dir='ltr'><strong>reeeps0,</strong></span> <span class='ocrx_word' id='word_1_115' title='bbox 659 2164 783 2227; x_wconf 89' lang='lat' dir='ltr'><strong>quin</strong></span> <span class='ocrx_word' id='word_1_116' title='bbox 810 2165 1137 2226; x_wconf 86' lang='lat' dir='ltr'><strong>gravedinem</strong></span> <span class='ocrx_word' id='word_1_117' title='bbox 1163 2173 1213 2214; x_wconf 88' lang='lat' dir='ltr'><strong>et</strong></span> <span class='ocrx_word' id='word_1_118' title='bbox 1237 2166 1418 2214; x_wconf 87' lang='lat' dir='ltr'><strong>tussim</strong></span> 
     </span>
     <span class='ocr_line' id='line_1_22' title="bbox 132 2252 1321 2317; baseline 0.003 -18"><span class='ocrx_word' id='word_1_119' title='bbox 132 2258 194 2300; x_wconf 78' lang='lat'><strong>20</strong></span> <span class='ocrx_word' id='word_1_120' title='bbox 234 2267 343 2300; x_wconf 91' lang='lat' dir='ltr'><strong>non</strong></span> <span class='ocrx_word' id='word_1_121' title='bbox 368 2252 510 2312; x_wconf 88' lang='lat' dir='ltr'><strong>mihi,</strong></span> <span class='ocrx_word' id='word_1_122' title='bbox 544 2253 633 2300; x_wconf 87' lang='lat' dir='ltr'><strong>sed</strong></span> <span class='ocrx_word' id='word_1_123' title='bbox 657 2252 758 2315; x_wconf 91' lang='lat' dir='ltr'><strong>ipsi</strong></span> <span class='ocrx_word' id='word_1_124' title='bbox 788 2252 957 2302; x_wconf 89' lang='lat' dir='ltr'><strong>Sestio</strong></span> <span class='ocrx_word' id='word_1_125' title='bbox 984 2254 1116 2302; x_wconf 86' lang='lat' dir='ltr'><strong>ferat</strong></span> <span class='ocrx_word' id='word_1_126' title='bbox 1140 2254 1321 2317; x_wconf 86' lang='lat' dir='ltr'><strong>frigus,</strong></span> 
     </span>
     <span class='ocr_line' id='line_1_23' title="bbox 234 2341 1480 2405; baseline -0.001 -16"><span class='ocrx_word' id='word_1_127' title='bbox 234 2341 322 2404; x_wconf 91' lang='lat' dir='ltr'><strong>qui</strong></span> <span class='ocrx_word' id='word_1_128' title='bbox 349 2349 459 2390; x_wconf 87' lang='lat' dir='ltr'><strong>tum</strong></span> <span class='ocrx_word' id='word_1_129' title='bbox 484 2349 634 2390; x_wconf 86' lang='lat' dir='ltr'><strong>vocat</strong></span> <span class='ocrx_word' id='word_1_130' title='bbox 657 2356 756 2401; x_wconf 92' lang='lat' dir='ltr'><strong>me,</strong></span> <span class='ocrx_word' id='word_1_131' title='bbox 790 2357 907 2390; x_wconf 87' lang='lat' dir='ltr'><strong>eum</strong></span> <span class='ocrx_word' id='word_1_132' title='bbox 931 2343 1125 2391; x_wconf 87' lang='lat' dir='ltr'><strong>malum</strong></span> <span class='ocrx_word' id='word_1_133' title='bbox 1149 2343 1337 2392; x_wconf 90' lang='lat' dir='ltr'><strong>librum</strong></span> <span class='ocrx_word' id='word_1_134' title='bbox 1362 2344 1480 2405; x_wconf 69' lang='lat' dir='ltr'><strong>legi,</strong></span> 
     </span>
    </p>
   </div>
   <div class='ocr_carea' id='block_1_4' title="bbox 820 2528 1135 2535">
    <p class='ocr_par' dir='ltr' id='par_1_4' title="bbox 820 2528 1135 2535">
     <span class='ocr_line' id='line_1_24' title="bbox 820 2528 1135 2535; baseline 0.003 -1"><span class='ocrx_word' id='word_1_135' title='bbox 820 2528 1135 2535; x_wconf 50' lang='grc' dir='ltr'>...ψ-..-</span> 
     </span>
    </p>
   </div>
   <div class='ocr_carea' id='block_1_5' title="bbox 1937 2405 1942 2910">
    <p class='ocr_par' dir='ltr' id='par_1_5' title="bbox 1937 2405 1942 2910">
     <span class='ocr_line' id='line_1_25' title="bbox 1937 2405 1942 2910; baseline 0 0"><span class='ocrx_word' id='word_1_136' title='bbox 1937 2405 1942 2910; x_wconf 95' lang='lat' dir='ltr'><strong> </strong></span> 
     </span>
    </p>
   </div>
  </div>
 </body>
</html>
