1942 3000
167 1384 224 1426 10

262 154 332 202 10
879 157 1135 197 CATULm

924 420 1092 470 VIIII.

262 579 508 638 Veranni‚
542 579 781 628 omnibus
808 593 836 626 e
858 580 985 627 meis
1013 580 1188 629 amicis

263 668 514 716 antistans
540 668 665 717 mihi
690 669 896 717 milibus
925 670 1185 726 trecentis,

263 756 514 805 venistine
542 757 752 805 domum
775 757 840 804 ad
866 764 985 805 tuos
1011 765 1223 820 penates

263 845 550 908 fratresque
574 846 848 894 unanimos
876 860 1155 909 senemque
1178 846 1427 895 matrem?

262 935 462 983 venisti.
542 949 574 983 o
598 935 726 982 mihi
750 936 920 983 nuntii
947 936 1113 984 beati!

263 1023 422 1072 visam
446 1031 497 1071 te
521 1023 836 1072 incolumem
860 1024 1167 1088 audiamque
1191 1025 1440 1075 Hiberum

265 1120 557 1161 narrantem
580 1113 714 1173 loca,
748 1112 900 1173 facta,
933 1114 1192 1173 nationes,

264 1207 321 1248 ut
343 1215 455 1248 mos
484 1208 562 1249 est
586 1208 721 1261 tum,
753 1201 1126 1264 applicansque
1153 1202 1344 1250 collum

264 1289 545 1340 iucundum
572 1304 630 1339 os
657 1290 944 1352 oculosque
968 1290 1223 1339 saviabor.

265 1391 297 1424 o
325 1384 574 1440 quantum
597 1385 675 1426 est
699 1379 966 1427 hominnm
993 1380 1295 1439 beatiorum,

266 1465 389 1528 quid
413 1479 495 1518 me
518 1465 702 1515 laetius
730 1473 807 1516 est
831 1467 1131 1516 beatiusve?

972 1837 1041 1886 X.

265 1997 435 2045 Varus
461 2011 543 2045 me
566 2010 710 2046 meus
737 1997 801 2045 ad
829 2011 949 2044 suos
978 2011 1177 2046 amores

265 2086 431 2134 visum
455 2084 673 2133 duxerat
697 2098 725 2132 e
751 2085 867 2132 foro
895 2085 1136 2144 otiosum,

266 2173 568 2232 scortulum,
601 2181 659 2222 ut
681 2173 807 2221 mihi
832 2181 941 2222 tum
966 2182 1178 2236 repente
1205 2174 1435 2235 visumst,

267 2277 373 2311 non
399 2276 523 2311 sane
548 2262 831 2326 inlepidum
857 2277 1026 2325 neque
1050 2263 1393 2312 invenustum.

266 2351 366 2400 huc
390 2359 448 2400 ut
472 2352 720 2412 venimus,
752 2351 980 2400 incidere
1004 2352 1156 2400 nobis

265 2454 528 2489 sermones
553 2441 696 2501 varii,
727 2441 781 2489 in
808 2441 1011 2504 quibus,
1045 2441 1168 2503 quid
1194 2447 1329 2489 esset

266 2528 370 2577 iam
393 2528 653 2592 Bithynia,
687 2545 791 2593 quo
817 2530 971 2578 modo
1000 2544 1054 2578 se
1078 2530 1303 2587 haberet,

269 2631 559 2680 ecquonam
582 2618 706 2666 mihi
734 2617 1012 2681 profuisset
1038 2632 1170 2667 aere.
