1942 3000
275 134 398 185 242·
865 132 1191 178 morsura

111 329 132 346 2
207 304 233 342 5
274 303 328 344 at
351 310 567 357 magnus
595 293 804 344 Caesar.
857 296 947 343 sed
972 289 1192 359 magnus
1218 294 1410 345 Caesar
1433 296 1490 344 in
1513 297 1696 346 armis:

345 384 574 432 devictae
599 391 778 446 gentes
804 384 878 431 nil
903 384 958 431 in
987 398 1163 433 amore
1188 379 1376 433 valent.

274 487 396 520 nam
422 471 567 520 citius
594 479 797 535 paterer
820 480 973 535 caput
999 473 1097 521 hoc
1123 473 1382 522 discedere
1408 474 1546 522 collo

346 575 501 622 quam
525 574 731 623 possem
755 570 947 624 nuptae
973 561 1186 624 perdere
1211 574 1386 610 amore
1412 561 1552 610 faces

273 655 362 696 aut
388 662 484 710 ego
510 649 780 697 transirem
804 657 893 698 tua
918 650 1098 697 limina
1123 651 1300 698 clausa
1323 650 1552 710 maritus,

172 743 232 784 10
344 736 621 799 respiciens
643 737 760 785 udis
787 738 992 800 prodita
1019 738 1316 787 luminibus.

272 823 339 873 ah
364 838 480 872 mea
503 832 611 873 tum
638 826 804 888 qualis
831 833 1039 875 caneret
1061 826 1173 886 tibi,
1207 825 1445 889 Cynthia,
1476 842 1688 877 somnos

343 913 488 972 tibia,
523 912 729 962 funesta
754 914 951 963 tristior
974 915 1068 962 illa
1092 915 1247 964 tuba!

274 1088 412 1137 unde
435 1088 560 1137 mihi
585 1089 786 1139 Parthis
801 1099 999 1153 gnatos
1024 1092 1272 1154 praebere
1296 1091 1605 1157 triumphis?

343 1177 518 1226 nullus
544 1177 607 1226 de
631 1185 816 1228 nostro
837 1180 1091 1241 sanguine
1114 1179 1260 1229 miles
1282 1181 1399 1229 erit.

160 1263 230 1313 '15
274 1265 412 1328 quod
440 1266 481 1314 si
506 1269 533 1327 †
556 1279 676 1315 vera
700 1281 846 1316 meae
872 1268 1178 1316 comitarent
1202 1277 1370 1318 castra
1394 1269 1620 1332 puellae,

341 1368 449 1402 non
474 1354 598 1403 mihi
624 1362 704 1403 sat
727 1370 944 1419 magnus
972 1354 1198 1406 Castoris
1224 1356 1322 1406 iret
1346 1371 1528 1420 equus.

270 1442 391 1491 hinc
417 1443 607 1492 etenim
632 1451 831 1492 tantum
856 1445 1043 1493 meruit
1068 1460 1181 1494 mea
1207 1446 1375 1509 gloria
1400 1460 1607 1508 nomen,

342 1532 514 1595 gloria
539 1534 605 1581 ad
630 1534 873 1583 hibernos
901 1535 1008 1583 lata
1030 1535 1454 1597 Borysthenidas,

271 1627 328 1669 tu
352 1620 476 1670 mihi
501 1622 616 1670 sola
640 1623 842 1686 places:
888 1623 1122 1685 placeam
1147 1624 1257 1684 tibi,
1292 1622 1530 1686 Cynthia,
1561 1625 1725 1673 solus.
1752 1658 1759 1665 -

166 1716 228 1758 20
341 1709 426 1758 hic
452 1709 549 1759 erit
572 1718 623 1759 et
647 1708 815 1774 patrio
841 1713 1096 1774 sanguine
1132 1713 1291 1776 pluris
1317 1727 1478 1762 amor.

945 2153 1086 2202 VIII.

267 2327 494 2390 Eripitur
521 2328 669 2378 nobis
694 2329 798 2377 iam
822 2329 1021 2392 pridem
1047 2344 1166 2378 cara
1189 2331 1380 2394 puella,

339 2423 390 2464 et
412 2423 469 2464 tu
493 2430 576 2465 me
598 2416 834 2466 lacrimas
862 2417 1095 2477 fundere,
1128 2418 1308 2479 amice,
1340 2420 1510 2467 vetas!

268 2503 444 2552 nullae
469 2512 590 2553 sunt
613 2504 914 2554 inimicitiae
938 2507 1038 2554 nisi
1064 2507 1252 2555 amoris
1280 2509 1523 2557 acerbae:

337 2591 507 2654 ipsum
531 2606 613 2640 me
637 2593 835 2656 iugula,
867 2594 1034 2642 lenior
1058 2595 1221 2643 hostis
1246 2609 1353 2643 er0.
