1942 3000
138 922 193 963 10

131 1365 190 1407 15

237 135 307 184 24
852 138 1108 176 CATULLI

237 295 466 343 Veranni
492 295 682 358 optime
707 303 865 358 tuque
889 295 958 342 mi
986 296 1217 355 Fabulle,

237 384 361 445 quid
388 398 558 432 rerum
583 385 793 447 geritis?
833 380 1025 433 sa'tisne
1051 400 1168 433 cum
1193 385 1294 433 isto

236 487 401 535 vappa
424 471 721 539 frigoraque
748 480 798 520 et
823 473 1011 520 famem
1037 472 1265 520 tulistis?

237 560 546 623 ecquidnam
569 561 623 608 in
650 561 839 609 tabulis
865 569 1008 625 patet
1032 563 1206 611 lucelli

237 663 539 712 expensum,
572 657 629 697 ut
653 650 796 710 mihi,
830 651 918 713 qui
945 666 1116 699 meum
1142 660 1351 700 secutus

236 745 524 800 praetorem
550 737 716 786 refero
746 739 919 786 datum
944 739 1135 788 lucello
1223 729 1235 739 ⁶

234 827 282 874 ‘o
308 827 535 887 Memmi,
567 828 697 876 bene
722 841 803 875 me
829 842 889 875 ac
916 828 1005 875 diu
1030 828 1272 890 supinum

235 922 343 963 tota
366 915 466 963 ista
490 916 634 964 trabe
658 916 825 964 lentus
850 916 1163 964 inrumasti.’

236 1005 340 1072 sed,
374 1013 621 1067 quantum
648 1005 810 1065 video,
844 1005 953 1068 pari
982 1004 1147 1052 fuistis

232 1108 386 1142 casu:
431 1108 551 1141 nam
575 1093 738 1141 nihilo
763 1094 961 1141 minore
989 1108 1144 1156 verpa

231 1181 348 1229 farti
375 1182 517 1229 estis,
561 1189 678 1244 pete
704 1182 904 1230 nobiles
930 1181 1142 1229 amicos,

231 1279 285 1319 at
309 1270 452 1319 vobis
479 1271 617 1318 mala
642 1271 801 1318 multa
827 1270 877 1317 di
905 1271 1134 1333 deaeque

232 1360 369 1419 dent,
404 1360 685 1423 opprobria
709 1359 916 1408 Romuli
942 1360 1210 1421 Remique.

815 1548 1134 1555 ———

842 1732 1113 1780 XXVIIII.

233 1891 361 1952 Quis
388 1892 486 1940 hoc
513 1900 684 1955 potest
709 1892 892 1951 videre,
929 1892 1042 1954 quis
1070 1898 1239 1954 potest
1264 1892 1389 1953 pati,

230 1982 331 2031 nisi
358 1981 630 2045 inpudicus
658 1991 707 2029 et
731 1995 890 2028 vorax
916 1988 965 2028 et
991 1980 1124 2039 ale0,

229 2072 541 2119 Mamurram
564 2070 754 2119 habere
781 2069 918 2132 quod
945 2078 1148 2117 comata
1175 2068 1346 2117 Gallia

230 2160 451 2207 habebat
474 2166 596 2206 ante
621 2166 671 2206 et
695 2158 875 2205 ultima
899 2158 1204 2206 Britannia?

231 2247 439 2296 cinaede
464 2247 701 2308 Romule,
735 2247 861 2295 haec
886 2245 1079 2293 videbis
1107 2253 1158 2293 et
1181 2245 1313 2293 feres
1328 2245 1351 2292 ἲ

230 2347 279 2385 et
302 2336 392 2384 ille
417 2351 556 2384 nunc
581 2335 829 2398 superbus
867 2341 918 2382 et
941 2332 1262 2395 superfluens

229 2424 604 2489 perambulabit
630 2423 858 2472 omnium
885 2422 1077 2472 cubilia

228 2523 287 2563 ut
311 2514 516 2562 albulus
542 2514 811 2561 columbus
838 2519 928 2560 aut
951 2511 1201 2561 Adoneus
1217 2511 1240 2558 ἲ

229 2603 438 2653 cinaede
462 2602 698 2662 Romule,
731 2603 857 2651 haec
883 2601 1077 2649 videbis
1105 2609 1154 2649 et
1178 2599 1345 2649 feres?
