1942 3000
278 141 385 190 308
860 142 1191 181 Pnomzmu

345 299 554 358 iudicia,
586 307 640 347 et
662 299 833 347 venies
860 306 917 346 tu
941 312 1150 361 quoquc
1172 298 1229 346 in
1256 313 1349 346 ora
1373 298 1553 356 virum,

276 387 513 439 Caesaris
542 395 592 435 et
615 387 783 436 famae
807 387 1023 449 vestigia
1046 388 1225 435 iuncta
1250 386 1475 435 tenebis:

345 477 663 525 Maecenatis
690 484 841 524 erunt
867 490 988 523 vera
1012 484 1226 538 tropaea
1254 476 1395 524 fides,

173 573 235 614 35
276 580 385 614 non
413 578 509 627 ego
536 565 749 613 velifera
773 564 1026 612 tumidum
1049 578 1190 611 mare
1216 565 1355 611 findo
1383 564 1582 612 carina:

347 661 460 701 tuta
484 654 579 701 sub
607 654 797 716 exiguo
823 653 1034 701 flumine
1059 662 1238 700 nostra
1261 661 1472 700 morast.

276 757 384 790 non
407 742 541 790 flebo
565 742 620 790 in
646 742 842 789 cineres
868 755 1042 789 arcem
1066 742 1259 789 sedisse
1285 749 1528 803 paternos

348 829 546 890 Cadmi,
579 845 674 878 nec
700 838 898 891 septem
921 830 1120 891 proelia
1146 830 1293 878 clade
1318 831 1449 893 pari,

276 933 372 966 nec
397 918 620 966 referam
645 918 833 967 Scaeas
864 925 915 965 et
937 917 1192 979 Pergama
1214 918 1475 981 Apollinis
1502 931 1667 977 arceS,

168 1014 234 1053 4ο
348 1016 399 1054 et
423 1007 667 1053 Danaum
690 1006 890 1054 decimo
917 1018 1034 1053 vere
1058 1006 1252 1054 redisse
1274 1013 1428 1066 rame,

274 1094 483 1142 moenia
508 1110 626 1142 cum
652 1092 807 1142 Graio
831 1093 1093 1156 Neptunia
1118 1095 1305 1157 pressit
1331 1103 1502 1143 aratro

344 1182 507 1230 victor
530 1182 794 1229 Palladiae
818 1181 1022 1243 ligneus
1049 1183 1173 1231 artis
1200 1197 1380 1246 equus.

274 1270 409 1318 inter
435 1268 738 1318 Callimachi
763 1278 844 1318 sat
869 1271 966 1318 erit
990 1272 1247 1333 placuisse
1271 1272 1478 1320 libellos

349 1365 400 1407 et
426 1359 677 1407 cecinisse
702 1359 885 1418 modis,
918 1358 1027 1407 Coe
1052 1367 1225 1423 poeta,
1258 1361 1377 1408 tuis.

167 1455 233 1494 45
274 1447 401 1495 haec
426 1455 581 1495 urant
605 1462 811 1511 pueros,
845 1448 972 1496 haec
1000 1457 1153 1496 urant
1179 1450 1368 1513 scripta
1393 1449 1613 1514 puellas,

345 1550 531 1598 meque
556 1537 707 1586 deum
732 1538 955 1585 clament
982 1545 1032 1585 et
1056 1538 1179 1586 mihi
1205 1554 1351 1587 sacra
1375 1538 1560 1588 ferant.

274 1631 326 1673 te
350 1624 481 1672 duce
506 1626 584 1673 vel
610 1625 747 1674 Iovis
774 1641 917 1674 arma
941 1640 1125 1674 canam
1152 1628 1402 1689 caeloque
1426 1627 1713 1676 minantem

348 1712 545 1761 Coeum
573 1721 623 1762 et
645 1714 943 1777 Phlegraeis
974 1713 1326 1763 Oromedonta
1351 1716 1504 1778 iugiS‚

275 1802 516 1863 celsaque
540 1801 788 1849 Romanis
816 1802 1057 1864 decerpta
1081 1802 1279 1851 Palatia
1306 1805 1466 1851 tauris

171 1897 231 1938 5ο
345 1889 516 1937 ordiar
540 1897 591 1937 et
618 1903 769 1937 caeso
796 1890 1003 1937 moenia
1028 1890 1173 1939 firma
1196 1891 1377 1953 Reme,

274 1977 587 2040 eductosque
612 1993 761 2040 pares
789 1978 1009 2027 silvestri
1036 1993 1100 2027 ex
1127 1981 1282 2030 ubere
1316 1997 1481 2046 rege8‚

344 2075 539 2115 crescet
566 2074 616 2115 et
641 2067 908 2129 ingenium
933 2069 1029 2116 sub
1056 2076 1146 2119 tua
1168 2071 1309 2121 iussa
1335 2086 1520 2131 meum,

272 2168 555 2217 prosequar
580 2162 631 2202 et
656 2170 833 2203 currus
863 2164 1084 2220 utroque
1110 2159 1174 2206 ab
1201 2160 1351 2208 litore
1379 2166 1605 2216 ovantem,

341 2243 648 2292 Parthorum
672 2253 871 2294 astutae
897 2247 1002 2294 tela
1028 2248 1238 2295 remissa
1272 2247 1440 2308 fugae,

168 2336 229 2376 55
272 2338 541 2393 castraque
568 2333 739 2382 Pelusi
765 2334 1003 2382 Romano
1030 2336 1244 2382 subruta
1270 2335 1421 2392 ferm,
1467 2371 1471 2374 .

341 2418 644 2483 Antonique
669 2436 845 2483 graves
872 2423 926 2468 in
952 2437 1048 2469 sua
1072 2422 1179 2469 fata
1203 2437 1404 2470 manus.

267 2505 440 2554 mollis
469 2514 523 2554 tu
549 2516 762 2571 coeptae
790 2509 960 2555 fautor
986 2521 1112 2568 cape
1137 2509 1252 2556 lora
1276 2509 1516 2560 iuventae

339 2593 650 2657 dexteraque
673 2595 895 2642 inmissis
924 2595 988 2640 da
1015 2594 1141 2642 mihi
1167 2597 1321 2660 signa
1346 2601 1490 2650 rotis.
