1942 3000
179 934 237 974 10

180 1378 239 1419 15

179 1817 241 1859 20

181 2259 242 2300 25

276 149 384 200 284
865 152 1189 191 ΡΒΟΡΕΒΤῙῙ

276 323 398 356 nam
426 309 547 371 quid
571 308 834 357 Praenesti
860 308 1061 369 dubias,
1093 323 1124 357 o
1152 306 1389 370 Cynthia,
1420 315 1603 367 sortes,

349 397 472 460 quid
497 397 627 460 petis
650 397 812 445 Aeaei
836 397 1045 445 moenia
1067 395 1357 459 Telegoni?

279 500 430 534 curve
455 493 507 533 te
531 486 586 532 in
611 485 924 534 Herculeum
950 485 1227 548 deportant
1252 486 1430 534 esseda
1453 484 1655 533 Tibur?

347 573 522 636 Appia
547 589 638 622 cur
666 575 855 623 totiens
882 582 931 622 te
957 574 1040 621 via
1066 573 1205 621 ducit
1229 573 1394 622 anus?

277 662 377 710 hoc
404 662 596 710 utinam
620 663 842 725 spatiere
865 663 1006 722 loco,
1038 662 1399 724 quodcumque
1422 661 1650 721 vacabis,

351 748 598 811 Cynthia!
640 766 763 798 nam
787 751 881 800 tibi
906 765 990 799 me
1016 751 1222 799 credere
1247 751 1397 798 turba
1421 755 1576 809 vetat,

280 853 397 886 cum
422 839 557 888 videt
580 839 810 887 accensis
838 839 1076 887 devotam
1103 852 1304 887 currere
1329 838 1492 886 taedis

350 928 404 976 in
431 942 611 976 nemus
639 935 689 977 et
710 927 912 975 Triviae
938 927 1137 974 lumina
1161 926 1295 975 ferre
1321 927 1464 975 deae.

279 1015 478 1064 scilicet
501 1014 754 1063 umbrosis
780 1013 955 1062 sordet
978 1014 1227 1077 Pompeia
1252 1013 1506 1062 columnis

350 1105 595 1166 porticuS,
626 1103 819 1151 aulaeis
846 1102 1038 1150 nobilis
1063 1101 1320 1160 Attalicis,

281 1199 330 1241 et
354 1193 530 1241 creber
554 1191 777 1255 platanis
805 1191 997 1254 pariter
1020 1190 1352 1253 surgentibus
1382 1191 1528 1250 ord0‚

351 1282 563 1329 flumina
587 1281 756 1343 sopito
784 1294 1021 1343 quaeque
1044 1280 1253 1328 Anione
1279 1279 1486 1339 cadunt,

281 1377 358 1417 tot
383 1369 561 1417 leviter
587 1369 808 1431 lymphis
834 1375 943 1416 tota
968 1368 1339 1431 crepitantibus
1365 1369 1492 1416 urbe

352 1471 470 1506 cum
495 1456 666 1507 subito
692 1456 878 1505 Triton
905 1470 996 1505 ore
1021 1456 1256 1506 recondit
1281 1470 1487 1519 aquam.

281 1546 495 1606 falleriS,
527 1546 627 1594 ista
650 1547 726 1594 tui
753 1547 945 1595 furtum
969 1547 1052 1595 via
1075 1553 1329 1594 monstrat
1350 1546 1572 1595 amorisz

354 1649 459 1682 non
486 1636 682 1695 urbem,
712 1635 938 1695 demens,
971 1634 1169 1683 lumina
1194 1642 1374 1683 nostra
1397 1634 1531 1697 fugis
1547 1653 1562 1683 ι

282 1723 356 1770 nil
383 1723 510 1784 agis,
541 1723 755 1772 insidias
780 1724 833 1770 in
858 1738 940 1772 me
968 1723 1220 1786 conponis
1252 1722 1451 1782 inaneS,

354 1810 519 1859 tendis
546 1811 683 1859 iners
710 1811 864 1859 docto
892 1811 1021 1858 retia
1045 1817 1174 1858 nota
1197 1810 1338 1858 mihi.

281 1899 369 1947 sed
396 1899 458 1946 de
482 1913 563 1947 me
587 1899 756 1946 minus
783 1904 887 1946 est:
931 1898 1101 1946 famae
1124 1898 1322 1946 iactura
1346 1898 1568 1961 pudicae

355 1993 499 2034 tanta
523 1986 614 2034 tibi
640 1986 856 2033 miserae
884 1993 1079 2047 quanta
1103 1987 1311 2035 mereris
1337 1987 1448 2036 erit..

282 2089 449 2139 nuper
475 2076 611 2123 enim
635 2075 698 2122 de
723 2081 774 2122 te
800 2081 1003 2122 nostras
1030 2077 1057 2134 †
1081 2090 1163 2124 me
1189 2076 1345 2124 laedit
1370 2077 1434 2124 ad
1460 2089 1608 2124 aures

353 2178 530 2212 rumor
555 2171 605 2212 et
628 2163 682 2210 in
709 2170 819 2211 tota
845 2177 952 2212 non
979 2164 1147 2213 bonus
1175 2166 1302 2213 urbe
1328 2165 1440 2212 fuit.

284 2252 374 2301 sed
398 2259 456 2300 tu
481 2267 587 2300 non
613 2253 768 2301 debes
793 2252 1031 2301 inimicae
1058 2254 1236 2301 cedere
1261 2252 1499 2314 linguae:

356 2354 556 2402 semper
580 2340 820 2390 formosis
846 2341 1025 2389 fabula
1049 2354 1217 2403 poena
1243 2339 1356 2387 fuit.

284 2442 392 2477 non
418 2436 507 2476 tua
532 2428 785 2491 deprenso
812 2430 1053 2477 damnata
1078 2435 1155 2476 est
1179 2428 1317 2475 fama
1341 2440 1570 2475 veneno:

356 2517 497 2565 testis
525 2517 624 2566 eris
651 2533 824 2580 purae,
854 2516 1084 2574 Phoebe,
1114 2515 1286 2563 videre
1308 2529 1525 2564 manus:

286 2604 368 2652 sin
395 2613 567 2654 autem
592 2607 752 2668 longo
778 2621 887 2655 nox
912 2617 1017 2651 una
1041 2610 1131 2650 aut
1154 2603 1317 2652 altera
1342 2604 1459 2653 lusu
