1942 3000
275 146 379 220 3338
860 146 1183 184 PROPERTH

273 304 457 363 Roma,
488 303 621 362 fave,
652 303 746 350 tibi
770 302 934 363 surgit
960 316 1120 363 opus:
1162 301 1282 348 date
1309 300 1529 348 candida
1553 301 1696 349 cives

347 392 537 451 omina,
571 398 619 439 et
640 391 856 453 inceptis
884 390 1095 437 dextera
1114 396 1292 448 cantet
1323 388 1447 436 avis.

278 496 424 530 sacra
450 481 661 542 diesque
686 494 869 527 canam
895 485 945 526 et
972 477 1288 539 cognomina
1311 476 1480 540 prisca
1504 476 1776 525 locorum:

175 579 233 617 70
346 570 439 617 has
465 583 607 616 meus
634 568 698 615 ad
723 575 885 615 metas
909 566 1060 615 sudet
1087 573 1291 628 oportet
1316 579 1494 627 equus.
1525 590 1598 599 ·—

151 641 158 648 ⁰
275 658 396 719 ‘quo
422 657 527 704 ruis
553 656 850 718 inprudenS‚
884 668 1028 716 vage,
1063 654 1232 702 dicere
1258 653 1378 712 fata,
1411 653 1693 716 Properti?

348 759 454 792 non
482 751 603 792 sunt
627 744 693 791 ah
718 744 897 791 dextro
925 742 1134 790 condita
1158 742 1245 789 fila
1277 742 1412 789 colo,

278 831 466 881 aversis
492 832 651 880 musis
681 840 885 879 cantas:
930 844 1137 878 aversus
1163 830 1388 892 Apollo:

350 920 520 983 poscis
547 921 612 967 ab
635 918 793 966 invita
817 919 971 966 verba
997 917 1220 980 pigenda
1253 917 1379 978 lyra.

174 1018 197 1056 7
211 1017 235 1055 5
278 1016 416 1056 certa
441 1007 601 1055 feram
628 1006 779 1054 certis
806 1004 1129 1053 auctoribus:
1172 1005 1308 1053 haud
1335 1018 1432 1067 ego
1458 1012 1599 1053 vates

348 1097 550 1144 nescius
578 1102 752 1143 aerata
777 1095 928 1156 signa
951 1108 1157 1142 movere
1183 1094 1307 1156 pila.

275 1198 356 1232 me
383 1192 522 1232 creat
545 1184 803 1245 Archytae
828 1183 1035 1232 suboles
1062 1182 1378 1243 Babylonius
1402 1181 1612 1245 Horops

348 1272 546 1330 Horon,
579 1280 630 1319 et
653 1286 685 1319 a
708 1285 899 1333 proavo
926 1271 1080 1319 ducta
1105 1269 1321 1318 Conone
1346 1271 1544 1319 domus.

277 1362 328 1408 di
351 1360 473 1408 mihi
500 1368 622 1408 sunt
644 1368 798 1408 testes
826 1374 932 1407 non
959 1359 1298 1421 degenerasse
1322 1359 1667 1421 propinquos,

175 1457 235 1497 80
348 1450 504 1512 inque
529 1448 654 1496 meis
681 1448 825 1497 libris
854 1448 925 1496 nil
954 1447 1096 1511 prius
1124 1461 1237 1496 esse
1263 1447 1378 1495 fide.

276 1552 415 1587 nunc
440 1538 661 1600 pretinm
687 1537 854 1585 fecere
882 1537 1024 1596 deos,
1057 1543 1107 1585 et
1130 1536 1328 1584 fallitur
1351 1551 1477 1583 auro

346 1626 595 1688 Iuppiter,
627 1625 869 1687 obliquae
895 1625 1047 1686 signa
1073 1623 1254 1671 iterata
1278 1630 1439 1671 rotae.

276 1713 558 1775 felicesque
581 1714 718 1761 Iovis
746 1714 920 1761 stellas
946 1712 1231 1774 Martisque
1265 1711 1483 1773 rapaci8‚

349 1809 399 1848 et
423 1815 575 1862 grave
600 1801 811 1850 Saturni
839 1802 981 1849 sidus
1006 1801 1061 1849 in
1089 1814 1240 1849 omne
1277 1806 1449 1863 caput,

173 1894 235 1936 85
279 1888 401 1951 quid
426 1896 664 1935 moveant
687 1889 856 1950 pisces
882 1890 1220 1951 animosaque
1245 1889 1393 1951 signa
1418 1888 1604 1948 leoniS,

348 1977 484 2024 lotus
513 1983 563 2023 et
586 1975 838 2038 Hesperia
863 1977 986 2039 quid
1015 1976 1344 2039 capricornus
1371 1991 1524 2039 aqua,

278 2064 473 2112 dicam:
517 2063 675 2111 Troia
701 2065 871 2124 cades,
903 2073 954 2113 et
977 2066 1167 2113 Troica
1188 2065 1356 2113 Roma
1383 2079 1651 2128 resurges3

349 2160 399 2200 et
421 2153 576 2201 maris
604 2159 654 2200 et
677 2160 841 2201 terrae
867 2154 1026 2216 longa
1050 2153 1287 2215 sepulcra
1313 2167 1513 2200 canam.

204 2292 210 2298 ,
275 2240 380 2287 dixi
406 2254 522 2302 eg0,
556 2253 672 2287 cum
698 2240 930 2302 geminos
957 2240 1265 2302 produceret
1287 2241 1442 2288 Arria
1465 2247 1637 2300 natos,

172 2333 233 2372 90
352 2327 468 2387 (illa
492 2326 647 2373 dabat
671 2327 805 2375 natis
830 2342 973 2375 arma
999 2334 1202 2375 vetante
1227 2327 1349 2390 deo)

274 2425 380 2458 non
407 2426 558 2473 posse
583 2412 647 2459 ad
672 2413 866 2473 patrios
894 2428 988 2461 sua
1013 2414 1120 2475 pila
1146 2415 1336 2463 referre
1359 2423 1604 2478 penates:

344 2510 529 2558 nempe
552 2511 717 2545 meam
743 2499 949 2546 firmant
976 2513 1113 2547 nunc
1140 2501 1243 2549 duo
1271 2503 1422 2551 busta
1448 2502 1618 2550 fidem.

274 2582 464 2643 quippe
488 2583 771 2644 Lupercus,
803 2586 921 2647 equi
948 2586 1070 2632 dum
1094 2588 1268 2635 saucia
1292 2589 1515 2651 protegit
1539 2604 1648 2650 ora,
