1942 3000
497 791 813 873 ALBII
897 792 1356 876 TIBULLI

686 1005 882 1071 LIBER
918 1006 1171 1072 PRmL'S.

904 1219 946 1268 Ι.

174 1393 395 1442 Divitias
421 1395 551 1443 alius
579 1395 719 1443 fulvo
746 1396 844 1444 sibi
871 1405 1120 1458 congerat
1154 1411 1281 1445 auro

250 1489 300 1531 et
325 1490 497 1532 teneat
522 1482 647 1532 culti
671 1484 849 1546 iugera
872 1485 1035 1533 multa
1060 1484 1177 1545 soli,

176 1584 334 1633 quem
357 1571 506 1619 labor
529 1572 772 1620 adsiduus
798 1572 966 1621 vicino
993 1580 1182 1621 terreat
1207 1574 1371 1632 hoste,

246 1660 435 1708 Martia
460 1660 542 1709 cui
568 1675 780 1709 somnos
808 1662 1027 1709 classica
1053 1663 1205 1724 pulsa
1231 1661 1440 1724 fugent:

107 1758 134 1796 5
175 1763 259 1797 me
282 1763 399 1798 mea
424 1757 697 1812 paupertas
723 1750 828 1797 vita
852 1750 1088 1798 traducat
1111 1750 1278 1809 inerti,

250 1836 371 1885 dum
395 1851 538 1885 meus
565 1837 781 1885 adsiduo
808 1839 980 1886 luceat
1001 1839 1125 1899 igne
1149 1839 1316 1886 focus,

174 1926 288 1989 ipse
313 1940 479 1975 seram
503 1934 706 1974 teneras
732 1934 932 1975 maturo
958 1933 1189 1989 tempore
1214 1927 1340 1975 vites

248 2014 469 2062 rusticus
496 2022 547 2062 et
572 2014 714 2063 facili
739 2015 955 2076 grandia
980 2030 1135 2077 poma
1159 2030 1343 2064 manu:

177 2117 274 2151 nec
300 2118 417 2166 spes
443 2104 702 2162 destituat,
734 2103 822 2153 sed
848 2104 1055 2165 frugum
1081 2118 1283 2166 semper
1308 2118 1517 2151 acervos

72 2202 132 2241 10
249 2194 491 2255 praebeat
516 2200 566 2241 et
591 2194 746 2255 pleno
774 2193 992 2255 pinguia
1015 2201 1185 2241 musta
1209 2194 1344 2241 lacu.

176 2295 298 2329 nam
322 2295 553 2341 veneror,
585 2296 679 2329 seu
704 2281 859 2344 stipes
886 2282 1043 2329 habet
1067 2281 1294 2330 desertus
1320 2282 1375 2329 in
1402 2282 1542 2343 agris

249 2384 341 2418 seu
364 2378 509 2418 vetus,
531 2370 588 2417 in
614 2370 764 2418 trivio
790 2370 950 2418 florea
974 2378 1110 2418 serta
1135 2371 1268 2433 lapis
1289 2385 1301 2415 :

178 2467 230 2508 et
256 2459 617 2521 quodcumque
638 2459 764 2506 mihi
790 2473 999 2521 pomum
1024 2473 1187 2507 novus
1214 2459 1397 2506 educat
1420 2472 1607 2516 annuS,

249 2548 464 2596 libatum
489 2548 748 2610 agricolae
773 2547 983 2610 ponitur
1008 2556 1128 2595 ante
1158 2547 1273 2594 deo.

75 2646 136 2686 15
178 2636 308 2684 flava
335 2634 509 2695 CereS,
541 2636 634 2683 tibi
661 2636 728 2683 sit
754 2643 931 2683 nostro
961 2636 1025 2683 do
1049 2649 1168 2683 rure
1194 2647 1387 2682 corona

1293 2741 1349 2787 3.
