1942 3000
156 322 224 362 ‘25

157 762 225 803 :30

160 1208 224 1250 35

155 1651 223 1691 40

154 2091 222 2132 45

270 154 376 204 272
850 156 1175 196 PROPERTII

265 321 354 361 aut
380 314 520 376 prius
548 313 740 361 infecto
766 313 1000 376 deposcit
1024 313 1250 376 praemia
1275 327 1445 371 cursu,

336 402 552 464 septima
579 416 732 464 quam
756 408 943 450 metam
969 402 1163 449 triverit
1188 408 1307 449 ante
1333 400 1478 449 rota?

265 490 536 538 mendaces
563 489 920 539 ludunt·flatus
946 490 1002 537 in
1027 504 1202 538 amore
1228 489 1456 538 secundi.

338 579 487 640 siqua
512 579 652 626 venit
676 592 808 637 sere,
840 592 1032 641 magna
1056 578 1207 625 ruina
1232 578 1387 626 venit.

266 673 323 714 tu
348 674 518 714 tamen
542 667 755 724 interea,
787 667 1020 728 quamvis
1045 673 1095 714 te
1121 666 1304 728 diligat
1326 666 1436 725 illa,

337 755 390 803 in
417 756 575 803 tacito
603 755 789 803 cohibe
814 755 1003 817 gaudia
1030 755 1206 803 clausa
1231 755 1376 803 sinu:

266 858 489 907 namque
514 845 568 891 in
594 858 770 892 amore
795 857 889 892 suo
917 857 1119 906 semper
1143 858 1237 891 sua
1263 843 1487 891 maxima
1513 842 1700 904 cuique

338 933 513 982 nescio
541 946 643 994 quo
670 938 822 995 pacto
849 931 1002 979 verba
1027 946 1213 980 nocere
1239 933 1426 980 solent.

267 1021 497 1085 quamvis
523 1027 574 1068 te
598 1032 845 1082 persaepe
870 1027 1037 1078 vocet,
1071 1020 1229 1067 semel
1255 1020 1330 1066 ire
1356 1018 1565 1068 timeto:

335 1109 576 1157 invidiam
604 1108 741 1170 quod
766 1108 937 1167 habet,
972 1122 1077 1155 non
1104 1108 1238 1155 solet
1263 1121 1374 1155 esse
1401 1108 1505 1156 diu.

266 1207 320 1248 at
343 1200 385 1248 si
411 1198 583 1246 saecla
608 1197 779 1244 forent
802 1195 1029 1258 antiquis
1054 1199 1081 1256 †
1105 1203 1249 1257 grata
1274 1195 1480 1258 puellis,

339 1301 503 1336 essem
528 1300 625 1347 ego
653 1284 791 1347 quod
816 1299 956 1332 nunc
981 1291 1064 1333 tu:
1108 1291 1339 1347 tempore
1363 1285 1542 1332 vincor
1568 1298 1682 1347 ego.

264 1390 373 1424 nou
396 1382 568 1422 tamen
596 1374 696 1421 ista
719 1386 861 1421 meos
886 1375 1160 1422 mutabunt
1184 1373 1392 1421 saecula
1416 1387 1610 1424 mores:

339 1477 469 1512 unus
499 1462 715 1527 quisque
741 1477 835 1512 sua
859 1461 1064 1511 noverit
1087 1462 1160 1510 ire
1184 1461 1283 1511 via.

264 1562 318 1601 at
341 1567 431 1600 vos
459 1553 548 1615 qui
576 1551 748 1600 officia
770 1552 824 1599 in
850 1551 1041 1600 multos
1067 1552 1317 1600 revocatis
1344 1565 1562 1610 amoreS,

338 1649 587 1704 quantum
614 1642 687 1690 sic
715 1640 909 1690 cruciat
934 1641 1133 1689 lumina
1158 1647 1326 1689 vestra
1351 1640 1530 1689 dolor!

263 1730 455 1777 vidistis
484 1730 639 1792 pleno
666 1737 894 1778 teneram
920 1729 1144 1777 candore
1170 1728 1416 1791 puellam,

333 1818 527 1865 vidistis
552 1817 731 1866 fusco:
775 1818 916 1865 ducit
945 1823 1156 1878 uterque
1182 1817 1343 1864 color.

263 1906 458 1954 vidistis
485 1905 743 1968 quandam
766 1905 963 1967 Argiva
990 1903 1196 1967 prodire
1220 1904 1400 1968 figura,

333 1993 526 2042 vidistis
552 2000 781 2041 nostras:
825 2002 1046 2055 utraque
1072 1992 1239 2041 forma
1263 1993 1412 2056 rapit.

262 2083 456 2144 illaque
483 2082 685 2144 plebeio
712 2083 789 2130 vel
816 2083 885 2130 sit
909 2081 1149 2143 sandycis
1178 2082 1398 2130 amictu:

333 2171 461 2218 haec
487 2177 641 2232 atque
666 2169 759 2218 illa
784 2170 907 2219 mali
931 2170 1156 2219 vulneris
1187 2185 1290 2219 una
1314 2170 1469 2228 viast3

262 2274 379 2307 eum
404 2258 525 2306 satis
553 2273 656 2305 una
680 2259 781 2306 tuis
805 2259 1066 2307 insomnia
1090 2266 1262 2321 portet
1287 2258 1481 2315 ocellis,

336 2362 440 2395 una
467 2348 532 2396 sit
559 2355 609 2396 et
636 2347 792 2397 cuivis
817 2348 1009 2396 femina
1033 2348 1201 2396 multa
1220 2347 1370 2395 mala.
