1942 3000
163 842 221 881 10

163 1283 221 1323 15

158 1723 218 1763 20

264 146 372 196 332
848 151 1172 191 PROPERTII

337 306 422 367 qui
450 320 557 355 non
585 307 815 370 signatas
840 307 991 356 iussit
1014 309 1204 357 habere
1232 309 1397 357 fidem.

263 395 386 444 illae
410 396 513 444 iam
540 397 651 446 sine
674 411 756 445 me
783 405 971 446 norant
996 397 1202 460 placare
1227 397 1447 459 puellae,

338 491 388 532 et
416 485 668 546 quaedam
692 485 804 533 sine
827 499 908 533 me
933 486 1086 533 verba
1111 485 1298 533 diserta
1322 465 1486 547 loqui.

263 586 370 620 non
395 572 510 620 iilas
538 574 697 621 fixum
722 587 867 621 caras
896 572 1132 621 effecerat
1158 586 1365 620 aurum:

332 659 528 721 vulgari
554 660 694 708 buxo
721 660 928 707 sordida
953 674 1071 709 cera
1095 660 1209 707 fuit.

264 746 664 809 qualescumque
688 747 814 794 mihi
840 761 1042 810 semper
1064 761 1300 796 mansere
1326 747 1522 806 fideleS,

334 848 533 897 semper
560 842 611 883 et
636 835 841 884 effectus
868 850 1196 897 promeruere
1221 837 1404 883 bonos.

262 921 480 970 forsitan
505 923 632 971 haec
655 923 759 970 illis
786 923 992 971 fuerant
1016 924 1258 973 mandata
1280 924 1505 983 tabellis,

331 1010 569 1070 ‘ii-asem,
602 1012 850 1073 quoniam
874 1026 945 1071 οε,
977 1013 1132 1071 lente,
1163 1021 1388 1061 moratus
1413 1012 1540 1060 heri.

261 1114 328 1146 an
351 1099 443 1147 tibi
469 1100 643 1148 nescio
671 1114 805 1162 quae
831 1101 939 1148 visa
965 1109 1043 1149 est
1067 1101 1376 1149 formosior?
1412 1115 1482 1149 an
1504 1107 1562 1148 tu

332 1202 439 1235 non
466 1188 597 1236 bene
623 1188 685 1237 de
711 1189 861 1238 nobis
890 1189 1106 1237 crimina
1131 1190 1252 1237 ficta
1274 1187 1461 1237 iacis?'

261 1283 351 1324 aut
376 1276 503 1324 dixit
526 1276 721 1325 ‘venies
747 1277 917 1337 hodie,
950 1277 1263 1326 cessabimus
1290 1291 1419 1324 una:

332 1364 613 1427 hospitium
637 1373 746 1414 tota
773 1373 925 1414 nocte
949 1366 1146 1429 paravit
1167 1366 1372 1425 Amor'‚

262 1458 313 1499 et
338 1466 694 1516 quaecumque
719 1453 895 1502 volens
924 1454 1113 1517 reperit
1137 1467 1244 1502 non
1269 1453 1426 1502 stulta
1451 1452 1649 1515 puella,

332 1542 541 1603 garrula
570 1558 687 1591 cum
711 1543 913 1591 blandis
943 1543 1128 1591 dicitur
1151 1544 1279 1591 hora
1303 1542 1453 1590 dolis.

259 1642 342 1677 me
367 1629 626 1689 miserum,
655 1631 733 1679 his
760 1630 948 1693 aliquis
974 1631 1228 1679 rationem
1253 1630 1432 1678 scribit
1456 1644 1662 1691 ararim,

332 1724 382 1764 et
405 1718 554 1779 ponit
578 1718 730 1767 duras
755 1719 890 1768 inter
922 1719 1289 1783 ephemeridas,

261 1818 387 1866 quas
414 1805 574 1866 siquis
600 1807 726 1855 mihi
751 1808 1019 1867 rettulerit,
1052 1808 1329 1857 donabitur
1355 1823 1499 1856 auro.

332 1890 446 1952 quis
475 1905 568 1952 pro
596 1891 781 1940 divitiis
808 1893 951 1955 iigna
976 1901 1173 1943 ret-enta
1198 1895 1353 1943 velit?

258 1979 276 2025 i
303 1993 447 2041 puer,
481 1986 530 2026 et
555 1980 685 2028 citus
712 1981 840 2029 haec
863 1981 1043 2044 aliqua
1067 1998 1300 2046 propone
1327 1985 1585 2042 columna,

332 2073 381 2114 et
406 2067 670 2115 dominum
693 2068 939 2130 Esqussiis
966 2071 1133 2119 scribe
1158 2071 1387 2121 habitare
1411 2079 1571 2120 tuum.
