1942 3000
898 37 922 48 δ

542 226 545 228 Α
622 183 934 222 ΡΒΟΡΕΒΤῙῙ
964 184 1151 222 LIBER
1180 184 1298 221 1111.
1590 180 1711 231 293

217 319 221 324 ’
282 354 389 388 non
417 339 569 388 datur
592 339 658 387 ad
683 354 855 388 musas
883 354 1090 389 currere
1116 341 1223 388 lata
1247 342 1348 389 via.

114 437 173 476 15
213 428 376 488 multi,
408 427 589 484 Roma,
621 434 734 476 tuas
761 429 938 477 laudes
964 430 1240 478 annalibus
1267 429 1474 488 addent,

282 517 371 580 qui
398 517 552 565 finem
575 517 776 580 imperii
800 518 989 565 Bactra
1012 517 1186 565 futura
1212 525 1429 566 canent:

212 605 314 665 sed,
349 607 485 668 quod
513 621 642 670 pace
666 608 828 669 legas,
862 621 994 670 opus
1023 607 1121 654 hoc
1147 606 1210 654 de
1233 614 1409 655 monte
1434 621 1675 655 sororum

279 694 460 743 detulit
483 695 678 743 intacta
704 696 896 758 pagina
921 702 1099 743 nostra
1124 694 1223 741 via.

207 783 402 842 mollia,
433 782 728 845 Pegasides,
762 784 880 830 date
905 790 1075 831 vestro
1103 789 1239 830 serta
1263 790 1477 846 poetae:

104 878 167 919 20
277 886 385 938 non
412 871 568 919 faciet
592 871 746 934 capiti
772 872 900 919 dura
926 885 1120 919 corona
1143 885 1279 919 meo·

206 967 257 1006 at
280 959 406 1006 mihi
432 959 571 1021 quod
597 959 712 1007 vivo
740 959 1016 1007 detraxerit
1039 958 1211 1007 invida
1237 959 1404 1019 turba,

273 1055 394 1111 post
418 1048 615 1095 obitum
640 1047 834 1110 duplici
861 1047 1043 1096 fenore
1068 1047 1245 1096 reddet
1269 1047 1473 1095 Honos.

206 1136 380 1184 omnia
405 1144 524 1199 post
548 1133 745 1185 obitum
771 1137 920 1198 fingit
942 1137 1141 1184 maiora
1165 1143 1416 1185 vetustas:

280 1224 443 1273 maius
471 1226 536 1273 ab
564 1225 797 1287 exequiis
823 1239 1014 1273 nomen
1039 1225 1094 1271 in
1120 1239 1211 1272 ora
1236 1225 1391 1273 venit.

100 1320 164 1361 25
204 1328 324 1360 nam
350 1313 466 1375 quis
494 1327 628 1375 equo
656 1314 830 1376 pulsas
857 1313 1080 1375 abiegno
1106 1320 1344 1361 nosceret
1367 1327 1529 1360 arces.

275 1401 591 1463 fluminaque
615 1401 905 1449 Haemonio
933 1402 1166 1449 cominus
1191 1402 1294 1450 isse
1320 1401 1447 1461 vim,

201 1489 413 1539 Idaeum
440 1489 709 1539 Simoenta
731 1489 868 1538 Iovis
897 1505 1014 1538 cum
1040 1491 1186 1553 prole
1214 1489 1553 1550 Scamandro,

273 1579 498 1627 Hectora
524 1592 616 1640 per
642 1593 850 1641 campos
877 1586 954 1627 ter
978 1579 1268 1626 maculasse
1293 1585 1429 1626 rotas
1446 1578 1469 1625 ?

201 1668 636 1732 Deiphobumque
671 1667 1032 1729 Helenumque
1070 1674 1118 1714 et
1152 1666 1527 1728 Polydamanta
1563 1673 1615 1713 et
1647 1665 1704 1713 in
1780 1706 1787 1711 .

414 1771 569 1804 armis

94 1851 157 1892 30
275 1845 705 1907 qualemcumque
728 1843 883 1892 Parin
910 1843 996 1890 vix
1022 1857 1116 1890 sua
1141 1849 1320 1892 nosset
1345 1844 1546 1891 humuS.

200 1933 390 1995 exiguo
418 1947 654 1980 sermone
679 1933 816 1980 fores
842 1946 1002 1991 nunc,
1035 1931 1170 1979 Ilion
1198 1937 1248 1979 et
1269 1937 1326 1979 tu

270 2020 430 2068 Troia
456 2021 532 2068 bis
563 2020 743 2069 Oetaei
769 2021 982 2068 numine
1008 2027 1160 2083 capta
1184 2020 1282 2068 dei.

199 2122 298 2157 nec
322 2124 431 2156 non
456 2108 546 2156 ille
571 2108 646 2156 tui
672 2124 821 2157 casus
848 2116 1161 2157 memorator
1184 2110 1442 2158 Homerus

269 2197 569 2260 posteritate
596 2212 747 2245 suum
773 2212 1005 2246 crescere
1042 2197 1200 2246 sensit
1226 2212 1374 2261 opus.

88 2292 151 2334 35
195 2300 382 2349 meque
407 2286 541 2334 inter
566 2300 709 2334 seros
735 2286 967 2335 laudabit
993 2286 1158 2334 Roma
1184 2293 1430 2348 nepotes:

267 2374 417 2421 illum
442 2382 561 2437 post
587 2375 784 2423 cineres
813 2389 1043 2437 auguror
1066 2375 1177 2437 ipse
1203 2375 1354 2421 diem.

193 2477 263 2511 ne
287 2476 402 2510 mea
429 2469 726 2526 contempto
753 2463 886 2525 lapis
912 2463 1105 2511 indicet
1132 2477 1250 2510 ossa
1277 2461 1519 2524 sepulcro

268 2550 528 2613 provisum
556 2558 633 2598 est
656 2550 818 2614 Lycio
846 2559 962 2599 vota
990 2552 1245 2614 probante
1271 2550 1386 2598 deo.

193 2639 438 2688 carminis
464 2640 661 2688 interea
686 2640 848 2689 nostri
875 2641 1142 2690 redeamus
1167 2640 1222 2687 in
1251 2640 1455 2687 orbem:
