1942 3000
299 177 403 228 132
899 177 1146 216 'rmuLm

369 337 576 399 fataque
602 336 806 384 vocales
833 334 1221 398 praemonuisse
1246 332 1446 395 boves),

299 426 425 474 haec
452 425 659 472 fuerunt
685 425 836 472 olim:
880 424 969 471 sed
996 433 1052 471 tu
1078 424 1181 471 iam
1206 423 1359 480 mitis,
1391 421 1606 484 Apono,

209 523 270 564 80
371 514 605 577 prodigia
630 512 891 560 indomitis
917 527 1093 574 merge
1117 514 1212 559 sub
1239 510 1570 573 aequoribus,

301 611 350 651 et
376 617 623 651 succensa
648 601 805 650 saeris
833 601 1051 663 crepitet
1078 602 1206 648 bene
1231 601 1410 647 laurea
1434 597 1671 653 flammi8‚

372 692 542 738 omine
568 706 670 752 quo
698 689 827 737 felix
852 696 901 737 et
927 703 1071 737 sacer
1098 703 1263 735 annus
1279 688 1403 736 erit.

301 780 474 827 laurus
501 779 588 827 ubi
617 780 753 826 bona
779 778 931 840 signa
955 777 1110 836 dedit,
1145 777 1364 838 gaudete
1391 775 1594 823 coloni:

371 867 624 914 distendet
650 866 801 929 spicis
828 866 1013 913 horrea
1040 865 1194 927 plena
1220 864 1394 923 CereS,

210 964 269 1004 85
300 955 488 1003 oblitus
518 965 568 1003 et
592 964 762 1002 musto
789 954 936 1001 feriet
963 954 1093 1017 pede
1117 953 1337 1001 rusticus
1366 967 1506 1010 uvas,

372 1043 513 1091 dolia
537 1043 659 1090 dum
686 1042 856 1104 magni
881 1042 1225 1104 deficiantque
1248 1042 1413 1089 lacus.

302 1140 354 1181 at
378 1131 610 1179 madidus
637 1131 844 1179 Baecho
871 1146 966 1178 sua
991 1131 1122 1179 festa
1146 1130 1332 1178 Palilia
1360 1136 1536 1192 pastor

373 1219 611 1268 concinet
639 1220 693 1283 (a
719 1219 932 1267 stabulis
960 1227 1069 1267 tum
1095 1219 1276 1281 procul
1303 1226 1409 1267 este
1435 1215 1568 1279 lupi)
1585 1234 1602 1265 ι

302 1309 391 1356 ille
417 1309 540 1356 levis
567 1309 788 1370 stipulae
813 1306 1057 1355 solemnis
1085 1314 1237 1369 potus
1265 1321 1474 1355 acervos

212 1406 273 1446 9ο
375 1397 637 1457 accendet,
670 1395 898 1443 flammas
926 1396 1282 1458 transilietque
1309 1410 1499 1444 sacras.

304 1493 354 1534 et
379 1486 512 1534 fetus
540 1494 775 1533 matrona
801 1485 958 1543 dabit,
993 1493 1247 1547 natusque
1272 1484 1475 1548 parenti

377 1575 556 1622 oscula
583 1574 883 1637 conprensis
911 1574 1121 1622 auribus
1150 1574 1349 1636 eripiet,

304 1675 401 1710 nec
428 1662 650 1710 taedebit
675 1678 823 1709 avum
850 1677 1008 1724 parvo
1036 1662 1317 1723 advigilare
1344 1662 1522 1724 nepoti

378 1752 631 1813 balbaque
657 1765 772 1798 cum
799 1764 959 1814 puero
987 1750 1155 1797 dicere
1180 1751 1333 1797 verba
1358 1762 1554 1799 senem.

213 1847 274 1887 95
303 1846 426 1886 tunc
453 1847 662 1901 operata
687 1840 782 1887 deo
810 1839 971 1901 pubes
999 1838 1284 1885 discumbet
1308 1837 1361 1885 in
1388 1839 1564 1898 herba,

378 1928 573 1975 arboris
601 1927 842 1989 antiquae
868 1941 970 1988 qua
998 1926 1120 1973 levis
1149 1927 1329 1974 umbra
1356 1928 1508 1986 cadit,

305 2023 394 2063 aut
420 2030 447 2062 e
472 2024 609 2063 veste
635 2031 728 2062 sua
754 2014 964 2061 tendent
990 2015 1290 2062 umbracula
1316 2016 1463 2063 sertis

375 2103 562 2161 vincta,
596 2111 872 2150 coronatus
900 2102 1057 2150 stabit
1082 2110 1133 2150 et
1157 2111 1278 2150 ante
1305 2103 1459 2151 calix.

305 2199 357 2237 at
384 2191 477 2238 sibi
508 2191 723 2253 quisque
750 2191 905 2252 dapes
934 2200 985 2238 et
1009 2191 1165 2239 festas
1193 2200 1397 2239 extmet
1419 2193 1522 2240 alte

180 2282 274 2324 100
377 2277 686 2340 caespitibus
712 2293 915 2326 mensas
942 2279 1355 2341 caespitibusque
1381 2289 1565 2328 torum.

305 2365 504 2427 ingeret
529 2365 612 2413 hic
640 2376 788 2428 potus
816 2367 1011 2415 iuvenis
1039 2368 1307 2416 maledicta
1335 2369 1555 2430 puellae,

378 2461 497 2515 post
520 2454 673 2501 modo
701 2469 833 2516 quae
857 2455 989 2503 votis
1016 2456 1170 2503 inrita
1195 2456 1333 2504 facta
1359 2457 1505 2504 velit:

309 2556 427 2588 nam
453 2542 592 2589 ferus
617 2541 706 2589 ille
731 2557 855 2590 suae
882 2543 1108 2604 plorabit
1132 2544 1334 2592 sobrius
1361 2545 1497 2593 idem

380 2637 430 2676 et
455 2643 508 2676 se
536 2629 723 2677 iurabit
749 2639 917 2678 mente
942 2630 1103 2679 fuisse
1127 2632 1279 2679 mala.
