1942 3000
274 168 379 220 234
858 172 980 213 PRO
986 171 1187 212 PERTII

270 329 411 377 dolia
435 330 678 392 virgineis
703 330 839 378 idem
862 330 953 378 ille
990 330 1259 394 repleverit
1283 331 1444 390 nimie,

341 433 407 467 ne
431 427 610 468 tenera
635 419 848 467 adsidua
874 419 1012 467 colla
1037 427 1315 482 graventur
1340 435 1505 483 aqua:

268 507 405 556 idem
432 506 684 556 Caucasia
709 508 875 555 solvet
899 507 962 555 de
987 522 1116 570 rupe
1142 508 1434 556 Promethei

167 603 229 645 70
341 595 579 644 bracchia
606 602 655 643 et
679 610 710 642 a
736 595 904 644 medio
932 603 1143 659 pectore
1169 595 1328 658 pellet
1353 611 1514 646 avem.

269 683 699 747 quandocumque
721 684 879 746 igitur
902 684 1059 732 vitam
1082 698 1199 732 mea
1224 683 1333 733 fata
1357 694 1651 749 reposcent,

344 777 395 819 et
419 771 570 820 breve
593 771 650 819 in
676 771 864 834 exiguo
890 786 1146 820 marmore
1173 787 1364 821 nomen
1392 786 1498 833 ern,

265 860 559 918 MaecenaS,
592 867 801 909 nostrae
826 875 945 923 pars
971 860 1226 909 invidiosa
1249 861 1502 923 iuventae,

338 955 388 996 et
411 948 545 996 vitae
571 955 621 996 et
644 948 797 995 morti
822 949 993 1011 gloria
1017 949 1153 997 iusta
1176 964 1340 1010 meae,

163 1042 227 1084 ‘15
266 1036 311 1085 si
335 1042 387 1084 te
411 1036 544 1084 forte
566 1050 683 1084 meo
710 1036 864 1085 ducet
889 1037 973 1084 via
1008 1038 1245 1100 proxima
1270 1038 1440 1099 bust0‚

336 1124 515 1173 esseda
540 1123 745 1172 caelatis
773 1124 893 1173 siste
917 1125 1170 1173 Britanna
1195 1125 1352 1188 iugis,

265 1212 491 1275 taliaque
516 1211 846 1261 inlacrimans
871 1220 1044 1261 mutae
1068 1214 1181 1262 iace
1205 1213 1360 1262 verba
1385 1213 1611 1275 favillae,

333 1298 471 1348 ‘huic
495 1300 682 1347 misero
708 1299 872 1348 fatum
898 1301 1026 1349 dura
1051 1303 1226 1365 puella
1249 1301 1389 1351 fuit)

972 1673 1042 1728 IL

262 1827 420 1879 Liber
443 1844 582 1879 eram
607 1838 657 1879 et
680 1847 842 1880 vacuo
868 1833 1153 1882 meditabar
1176 1834 1348 1882 vivere
1372 1833 1539 1883 lecto:

334 1926 387 1967 at
410 1933 491 1967 me
517 1920 789 1984 conposita
816 1935 943 1983 pace
970 1920 1160 1970 fefellit
1181 1922 1364 1969 Amor.

262 2023 354 2057 cur
377 2008 505 2057 haec
529 2008 585 2057 in
609 2008 756 2058 terris
781 2008 940 2059 facies
966 2010 1194 2058 hnmana
1217 2009 1483 2059 moratur?

331 2096 578 2159 Iuppiter,
609 2097 795 2159 ignoro
822 2097 1044 2160 pristina
1072 2098 1208 2146 furta
1234 2105 1339 2146 tua.

193 2192 219 2233 5
260 2183 401 2232 fulva
425 2199 573 2232 coma
598 2191 675 2232 est
700 2185 993 2248 longaeque
1017 2201 1200 2234 manus
1217 2221 1231 2245 ,
1264 2193 1315 2234 et
1338 2186 1563 2234 maxima
1587 2193 1698 2236 toto

332 2285 566 2335 corpore,
600 2279 650 2320 et
673 2272 864 2321 incedit
888 2274 969 2321 vel
995 2273 1119 2322 Iove
1146 2273 1301 2336 digna
1325 2288 1491 2335 soror,

259 2366 351 2407 aut
375 2373 492 2407 cum
516 2359 818 2420 Munychias
844 2361 1018 2409 Pallas
1047 2361 1300 2423 spatiatur
1325 2362 1391 2409 ad
1417 2376 1551 2422 arae,

332 2446 591 2510 Gorgonis
619 2448 920 2511 anguiferae
947 2458 1125 2512 pectus
1155 2457 1334 2513 operta
1361 2451 1541 2508 comiS,

260 2535 426 2598 qualis
454 2543 503 2584 et
525 2535 862 2586 Ischomache
885 2537 1138 2600 Lapithae
1163 2553 1327 2602 genus
1354 2539 1568 2588 heroine

160 2629 221 2672 10
334 2623 592 2672 centauris
618 2624 786 2673 medio
814 2633 961 2688 grata
987 2627 1169 2690 rapina
1192 2641 1352 2676 mero,
