1942 3000
274 175 382 226 204
859 178 1181 217 PROPERTH

345 351 519 385 rursus
547 342 598 384 et
623 335 864 398 Orpheae
886 335 1130 395 carmine,
1160 334 1315 395 fessa,
1347 336 1506 398 lyrae,

274 424 531 473 interdum
555 425 732 473 leviter
754 438 956 472 mecum
983 425 1182 472 deserta
1206 427 1457 487 querebar

345 521 557 562 externo
582 514 765 575 longas
790 527 944 575 saepe
966 513 1023 560 in
1049 527 1225 561 amore
1254 527 1443 572 morae,

171 611 234 651 45
275 603 396 650 dum
419 616 501 649 me
527 602 766 650 iucundis
794 602 994 665 lapsam
1019 615 1178 665 sopor
1200 602 1392 666 inpulit
1416 603 1530 651 alis.

345 691 437 740 illa
461 690 558 738 fuit
581 690 808 739 lacrimis
834 690 1016 739 ult-ima
1041 704 1165 738 cura
1187 691 1354 740 meis.’

958 1132 1079 1182 1111.

277 1309 412 1370 Quid
435 1308 561 1357 mihi
588 1318 694 1358 tam
717 1311 905 1359 multas
931 1310 1209 1370 laudando,
1239 1310 1419 1370 Basse,
1449 1312 1649 1375 puellas

346 1406 597 1447 mutatum
624 1399 833 1447 domina
857 1400 1002 1462 cogis
1026 1400 1168 1447 abire
1192 1399 1344 1448 mea?

275 1488 399 1552 quid
424 1503 505 1537 me
531 1503 635 1537 non
663 1489 853 1552 pateris
880 1489 1013 1538 vitae
1038 1488 1401 1553 quodcumque
1424 1494 1670 1552 sequetur

343 1579 440 1627 hoc
466 1577 630 1640 magis
656 1578 869 1628 adsueto
897 1579 1065 1627 vivere
1089 1577 1334 1626 servitio?

206 1676 231 1714 5
272 1674 327 1714 tu
354 1667 475 1715 licet
497 1667 761 1730 Antiopae
785 1667 1006 1715 formam
1029 1667 1304 1729 Nycteidos
1332 1673 1385 1714 et
1407 1672 1465 1714 tu

345 1755 629 1818 Spartanae
653 1755 844 1804 referas
872 1755 1109 1804 laudibus
1136 1756 1465 1814 Hermionae,

272 1852 322 1893 et
346 1859 698 1907 quascumque
723 1844 841 1891 tulit
866 1843 1081 1891 formosi
1108 1844 1351 1906 temporis
1378 1850 1548 1892 aetas:

345 1931 562 1994 Cynthia
587 1946 694 1980 non
718 1932 834 1979 illas
861 1946 1049 1979 nomen
1076 1932 1266 1981 habere
1289 1932 1448 1992 sinet3

270 2022 475 2079 nedum,
508 2021 550 2069 si
576 2021 773 2069 levibus
799 2020 956 2068 fuerit
983 2021 1191 2069 conlata
1216 2022 1409 2083 figuris,

170 2118 229 2159 10
341 2110 557 2158 inferior
580 2110 707 2157 duro
734 2110 908 2158 iudice
932 2110 1097 2172 turpis
1131 2117 1230 2157 cat.

269 2199 396 2247 hacc
421 2199 511 2246 scd
536 2197 702 2246 forma
726 2198 824 2245 mei
851 2213 969 2262 pars
998 2205 1074 2246 est
1100 2205 1329 2246 extrema
1354 2197 1574 2246 furoris:

340 2295 461 2336 sunt
484 2286 697 2346 maiora,
730 2287 935 2349 quibust,
966 2286 1146 2346 Basse,
1182 2285 1348 2349 perire
1370 2286 1528 2347 iuvat,

267 2376 523 2439 ingenuus
551 2376 694 2424 calor
719 2382 771 2423 ct
795 2375 969 2423 multis
995 2375 1153 2423 decus
1180 2375 1375 2424 artibus
1403 2383 1454 2424 et
1478 2389 1612 2439 quae

340 2464 528 2526 gaudia
552 2464 647 2513 sub
674 2464 831 2512 tacita
856 2464 1044 2512 ducere
1068 2471 1208 2513 veste
1233 2464 1383 2512 libet:

171 2560 231 2602 15
273 2566 378 2616 quo
403 2552 568 2614 magis
596 2559 647 2600 et
671 2559 876 2601 nostros
903 2552 1174 2601 contendis
1200 2553 1398 2601 solvere
1421 2566 1640 2612 amm-ee,

339 2641 436 2689 hoc
460 2640 627 2703 magis
656 2647 869 2703 accepta
892 2639 1029 2689 fallit
1052 2647 1269 2703 uterque
1295 2641 1409 2690 fide.
