1942 3000
759 158 937 195 mmm
967 158 1057 195 111.
1562 155 1667 205 269

169 329 323 378 quare
349 329 417 362 ne
441 313 533 361 tibi
561 313 628 361 sit
652 313 837 361 mirum
862 329 944 362 me
971 329 1218 377 quaerere
1244 314 1397 363 viles:

69 413 129 453 10
237 404 439 467 parcius
466 401 743 451 infamant:
787 418 913 451 num
939 403 1031 451 tibi
1059 418 1213 452 eausa
1239 404 1399 451 levis?

51 475 54 480 Γ
170 501 218 541 et
240 492 393 541 modo
419 492 635 555 pavonis
663 492 858 540 caudae
883 492 1092 540 flabella
1116 493 1368 555 superbae

238 589 286 627 et
310 581 544 628 manibus
574 580 699 628 dura
726 581 889 643 frigus
916 582 1106 629 habere
1131 582 1237 644 pila

172 677 217 717 et
243 669 381 731 cupit
405 669 591 716 iratum
616 669 750 716 talos
778 683 859 716 me
886 683 1099 731 poscere
1127 670 1349 716 eburnos

237 772 470 820 quaeque
495 758 663 804 nitent
687 771 834 804 saera
858 757 981 804 vilia
1006 757 1144 805 dona
1167 758 1264 804 via.

68 853 126 894 15
167 846 230 894 ah
256 860 480 909 peream,
513 847 556 893 si
580 860 662 893 me
687 846 785 893 ista
810 853 1019 893 movent
1043 846 1335 908 dispendia:
1379 845 1467 892 sed
1493 859 1576 893 me

234 935 408 983 fallaci
435 936 675 983 dominae
699 935 802 982 iam
827 934 985 997 pudet
1011 950 1122 983 esse
1146 935 1334 982 iocum.

776 1306 1044 1354 XXIIIIb.

159 1464 274 1513 Hoc
302 1471 409 1513 erat
435 1464 490 1512 in
516 1464 691 1527 primis
719 1464 859 1527 quod
884 1478 965 1512 me
992 1464 1214 1526 gaudere
1242 1462 1491 1512 iubebas?

228 1560 335 1601 tam
360 1560 410 1601 te
434 1553 718 1601 formosam
746 1568 850 1600 non
877 1553 1038 1615 pudet
1062 1567 1174 1600 esse
1199 1552 1398 1599 levem?

158 1657 263 1690 una
289 1649 376 1689 aut
402 1642 564 1690 altera
590 1656 697 1689 nox
724 1641 956 1689 nondum
984 1648 1060 1689 est
1082 1641 1136 1688 in
1163 1654 1337 1688 amore
1362 1647 1588 1703 peraeta,

52 1738 114 1778 20
232 1738 282 1779 et
308 1731 452 1779 dicor
477 1732 612 1779 lecto
638 1731 741 1778 iam
765 1730 933 1793 gravis
961 1744 1074 1777 esse
1099 1736 1208 1777 tuo,

157 1835 239 1867 me
265 1820 419 1867 modo
446 1820 693 1867 laudabas
722 1826 773 1866 et
799 1818 1027 1866 carmina
1056 1824 1235 1865 nostra
1260 1817 1496 1879 legebas:

229 1908 318 1954 ille
343 1915 460 1956 tuus
488 1921 685 1969 pennas
713 1914 817 1955 tam
844 1907 945 1954 cito
972 1905 1125 1953 vertit
1149 1906 1326 1953 amor?

157 1997 436 2044 contendat
460 2010 660 2043 meeum
688 1995 918 2057 ingeni0‚
953 1995 1233 2042 contendat
1258 2001 1309 2042 et
1334 2002 1459 2054 arte,

227 2085 281 2132 in
310 2084 485 2147 primis
514 2100 617 2131 una
643 2085 805 2132 discat
830 2099 1004 2132 amare
1030 2085 1210 2132 domo:

51 2180 111 2220 25
155 2173 196 2220 si
225 2173 429 2220 libitum
454 2173 546 2221 tibi
575 2173 685 2233 erit,
718 2173 982 2222 Lernaeas
1005 2181 1202 2236 pugnet
1228 2174 1290 2221 ad
1317 2173 1522 2235 hydrae,

231 2267 280 2308 et
306 2261 399 2307 tibi
427 2262 491 2309 ab
520 2261 754 2323 hesperio
780 2261 917 2309 mala
943 2262 1167 2310 dracone
1193 2262 1340 2321 ferat,

153 2356 318 2397 taetra
344 2363 542 2397 venena
567 2350 733 2398 libens
762 2357 811 2397 et
837 2349 1118 2412 naufragus
1148 2351 1319 2398 ebibat
1346 2350 1529 2409 undas,

227 2445 277 2485 et
301 2452 585 2500 numquam
610 2453 702 2501 pro
728 2446 779 2485 te
805 2438 1025 2501 deneget
1048 2453 1159 2487 esse
1181 2439 1338 2486 miser

154 2525 314 2589 (quos
341 2526 540 2574 utinam
564 2527 619 2574 in
645 2527 815 2586 nobis»,
846 2527 965 2586 vita,
1000 2528 1268 2591 experiare
1294 2523 1555 2587 labores):

50 2620 113 2661 30
234 2614 336 2661 iam
362 2615 454 2662 tibi
481 2615 544 2663 de
570 2614 755 2662 timidis
782 2615 879 2663 iste
904 2623 1169 2678 protervus
1198 2615 1310 2674 erit,
