1942 3000
296 146 402 195 282
882 150 1201 189 mmmmm

363 304 447 351 hic
472 305 619 353 locus
648 315 725 353 est
747 305 804 353 in
831 320 953 368 qu0‚
986 307 1114 354 tibia
1139 307 1308 368 docta,
1340 322 1512 366 sones,

293 406 425 454 quae
451 407 557 440 non
582 393 692 440 iure
716 393 846 441 vado
873 394 1144 442 Maeandri
1170 394 1305 443 iacta
1331 397 1536 454 nemeti,

364 480 534 543 turpia
561 488 683 528 cum‘
702 480 895 530 faceret
919 481 1146 530 Palladis
1175 497 1267 531 ora
1291 490 1477 531 tumor.

292 582 416 615 num
440 568 561 628 iam,
596 569 739 629 dure,
772 585 922 632 paras
948 570 1197 633 Phrygias
1224 586 1364 619 nunc
1386 572 1463 620 ire
1488 586 1580 635 per
1609 574 1772 621 undas

184 665 250 705 20
364 664 414 705 et
437 665 609 721 petere
634 659 862 726 Hyrcani
888 660 1041 708 litora
1068 668 1193 709 nota
1217 660 1393 721 maris,

289 762 529 811 spargere
556 756 606 796 et
631 749 830 798 alterna
854 763 1150 798 communes
1178 749 1335 798 caede
1365 757 1574 812 penates

361 843 414 884 et
438 836 570 885 ferre
595 838 660 885 ad
686 838 880 900 patrios
907 838 1135 899 praemia
1161 837 1271 885 dira
1296 839 1428 886 lares
1442 838 1482 885 ?'

290 939 395 972 una
422 931 722 973 contentum
746 924 940 986 pudeat
963 938 1047 971 me
1072 924 1239 972 vivere
1263 924 1459 973 amica?

360 1014 460 1061 hoc
478 993 528 1061 ‘si
557 1013 748 1061 crimen
776 1013 888 1072 erit,
924 1013 1118 1061 crimen
1144 1014 1355 1062 Amoris
1385 1015 1508 1062 erit:

186 1107 249 1148 25
290 1100 357 1148 mi
386 1114 536 1149 nemo
564 1099 771 1148 obiciat.
850 1100 1010 1147 libeat
1034 1100 1146 1157 tibi,
1180 1099 1418 1163 Cynthia,
1449 1116 1650 1151 mecum

359 1188 530 1235 rorida
553 1186 803 1235 muscosis
829 1194 979 1235 antra
1007 1193 1181 1236 tenere
1206 1188 1357 1251 iugis.

289 1277 397 1325 illic
422 1276 671 1338 adspicies
698 1276 926 1339 scopulis
952 1276 1164 1325 haerere
1189 1291 1393 1326 sorores

362 1371 415 1412 et
440 1378 624 1412 canere
648 1364 848 1427 antiqui
874 1364 1049 1413 dulcia
1074 1365 1210 1413 furta
1233 1366 1388 1426 IoviS‚

286 1460 344 1500 ut
371 1451 576 1503 Semela
602 1459 680 1502 est
705 1454 1021 1514 combustae,
1055 1461 1114 1503 ut
1139 1461 1216 1504 est
1239 1455 1530 1519 deperditus
1556 1454 1634 1516 10,

183 1548 245 1589 30
360 1540 580 1604 denique
608 1548 664 1589 ut
688 1541 752 1591 ad
777 1541 965 1591 Troiae
991 1550 1127 1591 tecta
1151 1544 1337 1593 volarit
1360 1544 1483 1593 avis,

287 1631 425 1692 quod
453 1630 496 1678 si
521 1644 676 1680 nemo
700 1638 840 1679 extat
865 1631 956 1693 qui
981 1631 1161 1680 vicerit
1187 1633 1321 1680 alitis
1336 1647 1508 1692 arma,

358 1719 643 1767 communis
672 1719 855 1780 culpae
881 1734 972 1766 cur
997 1733 1112 1768 reus
1140 1734 1273 1768 unus
1301 1720 1462 1781 agor?

284 1820 380 1854 nec
407 1813 462 1853 tu
487 1805 770 1868 virginibus
797 1807 1084 1854 reverentia
1107 1807 1326 1855 moveris
1355 1821 1479 1856 ora:

354 1894 438 1942 hic
465 1908 672 1956 quoque
697 1908 804 1941 non
834 1894 999 1941 nescit
1024 1894 1146 1956 quid
1172 1895 1236 1942 sit
1261 1911 1430 1945 amare
1465 1899 1668 1959 chorus,

180 1990 242 2032 35
283 1983 326 2031 si
354 1990 523 2030 tamen
552 1980 741 2044 Oeagri
768 1982 1022 2044 quaedam
1048 1998 1329 2046 conpressa
1354 1987 1516 2049 figura

352 2070 598 2119 Bistoniis
627 2070 750 2118 olim
775 2070 990 2132 rupibus
1018 2073 1276 2122 accubuit.

281 2159 364 2208 hic
389 2159 478 2207 ubi
503 2166 554 2206 te
579 2159 743 2220 prima
770 2167 999 2209 statuent
1023 2161 1077 2208 in
1104 2170 1250 2224 parte
1277 2162 1510 2221 choreae,

353 2254 403 2296 et
426 2246 621 2295 medius
649 2246 799 2296 docta
827 2249 1038 2310 cuspide
1062 2249 1301 2298 Bacchus
1329 2251 1439 2308 erit,

279 2341 389 2383 tum
415 2336 571 2398 capiti
598 2351 771 2384 sacros
799 2337 967 2400 patiar
992 2338 1215 2399 pendere
1242 2338 1538 2399 corymbos:

175 2429 239 2471 40
352 2439 473 2471 nam
500 2424 609 2473 sine
634 2432 684 2473 te
708 2436 941 2474 nostrum
966 2441 1076 2473 non
1101 2427 1237 2474 valet
1260 2425 1541 2487 ingenium.
