1942 3000
811 189 991 226 mmm
1023 190 1081 228 v.
1594 189 1698 239 303

274 350 323 390 et
347 357 460 390 mea
485 358 723 406 perversa
749 345 945 393 sauciat
971 359 1061 392 ora
1095 361 1268 406 manu,

104 437 164 478 65
202 431 509 494 inponitque
533 440 710 481 notam
736 434 873 482 collo
899 448 1178 496 morsuque
1204 442 1454 495 cruentat,

273 521 652 583 praecipueque
679 522 877 579 ocuIOS,
908 522 998 583 qui
1024 536 1271 581 meruere,
1303 522 1439 570 ferit.

204 613 359 669 atque
385 608 471 656 ubi
496 610 599 656 iam
626 609 812 657 nostris
839 609 1054 656 lassavit
1079 610 1316 657 bracchia
1341 610 1526 673 plagiS,

273 694 567 757 Lygdamus
595 696 658 742 ad
685 695 845 757 plutei
872 694 1038 743 fulcra
1062 687 1272 743 sinistra
1298 698 1463 745 latens

204 783 414 840 eruitur,
448 783 757 844 geniumque
782 796 953 830 meum
978 789 1264 845 prostratus
1290 783 1485 832 adorat.

101 878 163 919 70
273 869 551 932 Lygdame,
585 870 657 916 nil
684 869 858 932 potui:
901 877 1072 917 tecum
1098 884 1196 932 ego
1224 878 1403 933 captus
1432 884 1588 919 eram.

204 958 521 1021 supplicibus
546 958 732 1020 palmis
759 965 867 1005 tum
892 958 1095 1005 demum
1120 958 1185 1005 ad
1210 957 1420 1006 foedera
1445 958 1578 1018 veni,

277 1060 393 1092 cum
417 1045 503 1092 vix
528 1045 814 1107 tangendos
841 1046 1079 1108 praebuit
1102 1046 1194 1094 illa
1218 1046 1393 1108 pedes,

204 1140 360 1195 atque
385 1133 457 1180 ait
477 1132 748 1181 ‘admissae
773 1134 816 1181 si
841 1134 914 1181 vis
938 1148 1021 1182 me
1045 1133 1313 1196 ignoscere
1341 1134 1541 1197 culpae,

275 1221 469 1284 accipe,
504 1236 636 1283 quae
660 1229 868 1270 nostrae
892 1221 1116 1270 formula
1141 1222 1272 1284 legis
1298 1222 1410 1271 erit.

98 1317 165 1359 75
204 1316 262 1358 tu
286 1324 455 1372 neque
480 1310 725 1372 Pompeia
752 1310 1042 1372 spatiabere
1068 1310 1236 1358 cultus
1262 1310 1318 1358 in
1344 1311 1542 1367 umbra,

276 1412 373 1446 nec
400 1413 517 1445 cum
542 1398 788 1446 lascivum
814 1405 1008 1446 sternet
1032 1412 1190 1446 arena
1214 1399 1401 1446 forum.

206 1487 343 1536 colla
369 1500 491 1534 cave
518 1486 749 1535 inflectas
776 1487 838 1534 ad
866 1502 1121 1536 summum
1148 1486 1363 1549 obliqua
1389 1486 1645 1535 theatrum

277 1582 366 1623 aut
389 1575 574 1623 lectica
599 1582 716 1622 tuae
741 1575 874 1622 sidat
898 1582 1077 1637 aperta
1103 1589 1296 1623 morae.

205 1662 539 1724 Lygdamus
525 1678 579 1710 m
607 1663 801 1724 primis,
836 1663 1004 1711 omnis
1031 1663 1154 1711 mihi
1181 1677 1336 1710 causa
1363 1663 1640 1725 querellae,

99 1759 165 1801 80
278 1758 461 1799 veneat
486 1758 535 1799 et
560 1750 773 1813 pedibus
801 1750 1009 1798 vincula
1035 1750 1155 1799 bina
1178 1751 1389 1799 trahat.³

207 1839 397 1887 indixit
420 1838 578 1901 legeS.
656 1837 899 1900 respondi
927 1852 1027 1899 ego
1051 1837 1280 1899 ‘legibus
1307 1839 1462 1886 utar.²

280 1926 460 1975 riserat
483 1925 700 1988 imperio
727 1926 865 1973 facta
891 1927 1115 1988 superba
1140 1926 1276 1973 dat0.

208 2014 329 2063 dein
357 2028 731 2076 quemcumque
757 2014 930 2062 locum
957 2021 1202 2063 externae
1228 2014 1442 2076 tetigere
1467 2015 1690 2076 puellae,

283 2100 443 2160 suffit,
476 2109 525 2148 et
549 2115 580 2147 a
607 2115 735 2163 pura
761 2100 944 2148 limina
968 2101 1121 2162 tergit
1145 2116 1298 2163 aqua,

103 2197 168 2239 85
209 2190 430 2252 imperat
454 2196 504 2236 et
529 2195 662 2236 totas
690 2188 875 2236 iterum
899 2196 1096 2237 mutare
1121 2190 1371 2249 lacernas,

280 2284 461 2339 terque
486 2290 658 2324 meum
681 2276 848 2339 tetigit
873 2276 1083 2324 sulfuris
1110 2277 1232 2339 igne
1259 2285 1430 2339 caput.

211 2371 368 2427 atque
394 2364 466 2411 ita
491 2372 687 2412 mutato
714 2378 805 2426 per
829 2364 1037 2427 singula
1061 2365 1218 2427 pallia
1253 2365 1387 2412 lecto

282 2456 309 2514 †
335 2452 597 2514 respondi,
630 2459 680 2500 et
704 2459 813 2500 toto
842 2452 1089 2500 solvimus
1116 2467 1256 2500 arma
1287 2459 1420 2500 tor0.

803 2622 1122 2629 ———
