1942 3000
778 163 958 205 mnan
989 165 1079 202 111.
1571 160 1680 211 255

194 324 313 387 quin
339 323 510 383 etiam,
541 323 585 371 si
610 337 692 371 me
717 323 930 371 ulterius
959 321 1251 385 provexerit
1275 321 1372 380 ira,

98 421 156 462 20
261 411 498 461 ostendes
523 412 671 460 matri
699 412 939 461 bracchia
963 412 1109 459 laesa
1133 417 1269 459 tuae.

192 501 406 550 necdum
431 500 711 549 inclinatae
735 499 1012 564 prohibent
1036 506 1087 546 te
1112 498 1290 546 ludere
1314 512 1597 547 mammae:

205 620 209 623 <
260 589 441 638 viderit
465 589 609 649 haec,
641 589 843 652 siquam
866 589 971 636 iam
997 587 1257 651 peperisse
1283 587 1458 650 pudet.

193 679 309 726 dum
334 692 428 726 nos
455 677 561 726 fata
579 665 780 737 einum,
813 677 995 725 oculos
1021 675 1262 723 satiemus
1276 689 1493 724 -amorez

257 783 364 815 nox
388 767 480 815 tibi
507 767 668 829 longa
693 766 847 824 venit,
880 779 979 813 nec
1004 765 1235 813 reditura
1260 764 1385 813 dies,

77 862 153 904 ·25
193 862 345 918 atque
370 855 572 903 utinam
597 854 865 902 haerentes
891 852 965 901 sic
994 867 1089 901 nos
1114 852 1309 901 vincire
1335 859 1522 901 catena

259 944 434 1001 velles„
461 949 523 990 ut
547 955 829 1003 numquam
855 940 1076 989 solveret
1101 940 1209 988 ulla
1234 939 1373 989 dies!

195 1032 429 1094 exemplo
454 1030 660 1079 iunctae
685 1029 779 1078 tibi
804 1028 909 1077 sint
931 1029 987 1075 in
1008 1042 1187 1080 amore
1213 1028 1503 1090 columbae,

259 1119 516 1168 masculus
545 1125 594 1167 et
618 1125 783 1166 totum
806 1117 1000 1166 femina
1027 1097 1344 1180 coniugium.

193 1215 327 1256 errat
351 1207 441 1270 qui
467 1207 621 1255 finem
645 1207 820 1255 vesani
848 1206 1049 1268 quaerit
1074 1206 1292 1254 amoris:

90 1305 152 1346 30
263 1311 409 1345 verus
437 1310 582 1343 amor
608 1295 810 1343 nullum
834 1295 979 1343 novit
1003 1293 1192 1342 habere
1217 1293 1446 1342 modum.

191 1394 325 1434 terra
350 1384 491 1448 prius
517 1383 650 1431 falso
677 1389 826 1446 partu
852 1381 1059 1430 deludet
1083 1389 1306 1442 arantes,

264 1481 314 1522 et
339 1473 488 1522 citius
515 1472 690 1535 nigros
720 1469 814 1520 Sol
839 1470 1059 1534 agitabit
1085 1485 1265 1534 equ08‚

190 1563 508 1626 fluminaque
533 1562 596 1610 ad
625 1569 780 1625 caput
803 1560 1058 1623 incipient
1081 1572 1322 1608 revocare
1349 1559 1602 1622 liquoreS‚

261 1652 433 1699 aridus
461 1658 512 1700 et
537 1651 677 1699 sicco
704 1638 906 1713 gurgite
929 1648 1086 1711 piscis
1114 1639 1222 1708 erit,

86 1750 147 1790 35
190 1755 347 1803 quam
372 1740 567 1803 possim
592 1745 796 1788 nostros
823 1738 929 1787 alio
954 1735 1231 1785 transferre
1256 1736 1484 1785 calores:

93 1818 106 1831 '
260 1828 410 1877 huius
439 1843 526 1877 ero
552 1827 712 1887 vivuS,
743 1834 976 1875 mortuus
1003 1826 1156 1874 huius
1184 1839 1292 1874 ero.

189 1918 330 1981 quod
355 1917 479 1965 mihi
506 1917 548 1965 si
575 1930 751 1965 secum
773 1916 901 1964 tales
927 1914 1212 1963 concedere
1240 1919 1417 1962 noctes

259 2007 354 2055 illa
378 2005 515 2064 velit,
546 2005 681 2053 vitae
707 2005 894 2066 longus
923 2011 974 2052 et
999 2017 1166 2051 annue
1195 2001 1315 2051 erit:

188 2094 231 2142 si
258 2094 402 2143 dabit
425 2094 553 2142 haec
578 2093 785 2153 multas,
817 2093 937 2140 flam
959 2091 1250 2139 inmortalis
1273 2090 1328 2138 in
1354 2089 1475 2138 illis.

17 2204 18 2209 ¹
77 2191 143 2231 4ο
261 2189 417 2230 nocte
441 2196 548 2230 una
572 2181 739 2244 quivis
765 2181 842 2229 vel
870 2181 995 2228 deus
1023 2193 1136 2228 esse
1163 2186 1352 2241 potest.

188 2271 400 2333 qualem
424 2271 466 2319 si
495 2270 664 2319 cuncti
692 2276 937 2332 cuperent
960 2269 1230 2316 decurrere
1254 2266 1408 2315 vitam

263 2366 314 2407 et
338 2359 500 2422 pressi
525 2358 689 2409 multo
714 2359 945 2406 membra
967 2357 1138 2405 iacere
1159 2370 1320 2415 mero,

186 2463 298 2496 non
324 2449 517 2496 ferrum
541 2446 750 2495 crudele
773 2459 941 2508 neque
968 2452 1108 2494 esset
1131 2444 1319 2492 bellica
1343 2443 1506 2504 navis,

262 2550 360 2584 nec
384 2543 564 2585 nostra
585 2535 859 2583 Actiacum
883 2541 1100 2582 verteret
1127 2547 1245 2581 ossa
1268 2546 1426 2593 mare,

73 2633 98 2673 4
114 2633 140 2672 5
185 2639 288 2673 ncc
314 2624 501 2673 totiens
529 2623 748 2688 propriis
776 2625 970 2672 circum
997 2629 1298 2686 oppugnata
1321 2620 1595 2683 triumphis
