1942 3000
770 161 946 199 mma
977 161 1091 198 1111.
1551 155 1652 205 187

80 327 180 369 205
212 333 304 368 seu
327 327 528 367 matura
557 319 664 367 dies
692 318 910 367 celerem
936 325 1180 381 properat
1201 317 1327 365 mihi
1351 324 1588 376 mortem,

207 408 367 470 longa
390 414 562 455 manet
588 421 679 455 seu
703 407 823 466 vita,
856 414 1047 467 tamen,
1078 413 1273 454 mutata
1304 407 1469 468 figura

208 511 299 544 seu
323 510 405 544 me
431 497 589 557 finget
613 509 801 558 equum
827 495 1017 558 rigidos
1045 508 1339 557 percurrere
1366 507 1576 556 campos

181 605 192 614 ·
209 585 416 633 doctum
440 599 531 632 seu
558 584 687 632 tardi
716 584 918 647 pecoris
944 584 1041 632 sim
1067 584 1233 645 gloria
1257 591 1429 631 taurus

208 673 312 720 sive
341 687 437 735 ego
464 687 556 735 per
583 673 834 734 liquidum
859 673 1082 721 volucris
1109 672 1264 720 vehar
1288 685 1408 719 aera
1433 670 1636 733 pennis,

77 769 179 810 210
211 762 640 824 quandocumque
654 760 912 809 hominem
924 775 1008 808 me
1032 762 1192 822 longa
1217 758 1469 822 receperit
1493 766 1652 817 aetas,

207 850 427 912 inceptis
454 850 516 896 de
541 855 592 896 te
616 849 884 896 subtexam
909 847 1139 896 carmina
1162 847 1367 896 chartis.

893 1219 962 1268 H.

209 1379 443 1441 Sulpicia
470 1387 545 1427 est
571 1379 663 1426 tibi
691 1380 825 1427 culta
853 1379 970 1437 tuis,
1001 1379 1140 1425 Mars
1158 1392 1358 1439 magne,
1390 1377 1651 1425 kalendis:

280 1474 567 1530 spectatum
595 1481 623 1515 e
649 1467 812 1527 cae10‚
844 1467 887 1515 si
917 1467 1075 1529 sapis,
1107 1466 1217 1529 ipse
1243 1465 1372 1514 veni.

208 1557 309 1604 hoc
334 1557 511 1605 Venus
539 1557 801 1619 ignoscet:
847 1562 899 1602 at
923 1564 997 1613 tu,
1032 1555 1270 1615 violente,
1304 1562 1479 1603 caveto

282 1659 348 1693 ne
375 1646 466 1693 tibi
493 1645 694 1693 miranti
721 1644 936 1706 turpiter
962 1658 1107 1691 arma
1132 1643 1319 1691 cadant

154 1742 181 1780 5
209 1733 349 1781 illius
376 1748 441 1782 ex
468 1734 648 1792 oculiS‚
681 1749 798 1782 cum
823 1733 929 1779 vult
955 1745 1171 1780 exurere
1197 1731 1358 1789 divos,

282 1822 516 1869 accendit
541 1822 770 1885 geminas
795 1821 1060 1884 lampadas
1088 1834 1206 1869 acer
1228 1820 1409 1867 Amor.

212 1910 372 1968 illam,
406 1910 654 1973 quidquid
680 1911 803 1972 agit,
837 1924 1051 1972 quoquo
1076 1908 1289 1970 vestigia
1314 1908 1489 1966 movit,

284 1999 534 2060 conponit
558 1997 732 2045 furtim
756 1998 1192 2060 subsequiturque
1216 1996 1406 2044 Decor.

213 2100 307 2134 seu
333 2086 484 2133 solvit
508 2086 693 2136 crines,
725 2086 852 2134 fusis
881 2086 1029 2134 decet
1054 2099 1167 2134 esse
1194 2084 1424 2148 capillis;

123 2183 183 2223 ιο
285 2188 375 2222 seu
402 2152 637 2236 compsit,
671 2175 885 2236 comptis
915 2181 995 2222 est
1016 2173 1308 2222 veneranda
1333 2172 1510 2220 comis,

213 2263 331 2322 urit,
363 2277 454 2310 seu
477 2262 632 2324 Tyria
658 2262 820 2309 voluit
844 2262 1121 2324 procedere
1146 2262 1314 2323 palla3

284 2351 403 2410 urit,
435 2365 528 2399 seu
555 2351 703 2398 nivea
730 2350 948 2398 candida
972 2356 1112 2398 veste
1136 2349 1290 2396 venit.

212 2439 332 2487 talis
358 2440 413 2487 in
440 2447 650 2487 aeterno
677 2439 802 2486 felix
827 2439 1141 2486 Vertumnus
1169 2437 1392 2499 Olympo

285 2528 427 2576 mille
453 2528 608 2576 habet
633 2534 864 2586 ornatu8‚
895 2526 1040 2574 mille
1066 2526 1306 2574 decenter
1330 2524 1502 2572 habet.

124 2625 184 2667 15
213 2617 329 2665 sola
353 2615 643 2679 puellarum
669 2614 825 2677 digna
849 2623 942 2674 est,
974 2613 1058 2662 eui
1082 2613 1264 2661 mollia
1288 2612 1419 2660 caris
