1942 3000
75 403 133 443 10

75 846 130 887 15

68 1286 131 1327 20

794 151 971 188 LIBER
1003 151 1043 188 1.

173 309 255 355 hic
279 307 402 355 mihi
429 307 709 355 conteritur
731 307 861 375 vitae
885 306 1087 366 moduS,
1120 305 1247 355 haec
1275 320 1390 356 mea
1422 306 1625 366 famast‚

245 396 365 444 hinc
392 396 543 458 cupio
570 409 760 443 nomen
788 397 1025 445 carminis
1052 397 1125 445 ire
1156 396 1273 446 mci.

173 498 257 531 me
282 484 493 532 laudent
518 484 699 532 doctae
724 485 892 532 solum
917 486 1176 548 placuisse
1202 484 1422 547 puellae,

245 573 475 633 Pontice,
509 581 559 621 et
583 574 801 622 iniustas
827 588 981 637 saepe
1006 575 1186 623 tulisse
1210 573 1374 621 minas
1390 591 1425 623 :A

172 676 255 709 me
280 663 418 724 legat
442 662 652 711 adsidue
678 671 797 725 post
823 664 949 711 haec
977 664 1241 725 neglectus
1269 669 1493 721 amator,

246 757 297 797 et
319 750 519 812 prosint
541 750 620 797 illi
648 751 856 812 cognita
880 759 1059 798 nostra
1084 752 1236 798 mala.

172 845 223 886 te
250 852 456 901 quoque
482 838 524 886 si
552 846 691 885 certo
718 852 845 900 puer
872 838 954 887 hic
981 838 1298 887 concusserit
1323 851 1463 896 arcu,

245 925 382 987 quod
408 926 571 973 nolim
597 932 800 974 nostros
828 926 1081 974 evoluisse
1106 926 1246 985 deos,

173 1014 328 1076 longe
356 1021 523 1060 castra
547 1013 653 1072 tibi,
686 1014 843 1075 longe
867 1014 1024 1063 miser
1047 1015 1257 1077 agmina
1281 1021 1477 1077 septem

245 1101 388 1148 flebis
415 1101 469 1147 in
497 1107 705 1149 aeterno
732 1101 888 1152 surda
912 1102 1080 1151 iacere
1107 1103 1225 1162 situ,

177 1196 227 1237 et
249 1188 439 1237 frustra
465 1189 640 1251 cupies
666 1190 880 1240 mollem
902 1205 1195 1254 conponere
1219 1205 1437 1239 versum.

245 1292 343 1326 nec
370 1277 463 1325 tibi
488 1277 709 1325 subiciet
733 1278 962 1328 carmina
987 1293 1130 1327 serus
1154 1279 1335 1327 Amor.

174 1374 283 1414 tum
306 1380 389 1414 me
415 1381 519 1413 non
546 1366 791 1414 humilem
815 1367 1067 1415 mirabere
1092 1381 1247 1429 saepe
1272 1373 1506 1429 poetam:

246 1463 370 1504 tunc
397 1470 492 1518 ego
522 1454 769 1507 Romanis
796 1457 1056 1520 praeferar
1078 1456 1318 1518 ingeniis,

175 1559 270 1593 nec
297 1551 539 1606 poterunt
562 1545 770 1592 iuvenes
797 1552 977 1592 nostro
1004 1545 1216 1595 reticere
1242 1546 1477 1607 sepulcro

244 1633 455 1682 ‘ardoris
483 1633 646 1681 nostri
670 1648 856 1695 magne
881 1641 1036 1697 poeta
1061 1634 1239 1682 iaces.'

173 1728 231 1768 tu
257 1735 377 1769 cave
403 1728 582 1769 nostra
606 1729 696 1769 tuo
724 1729 1023 1770 contemnas
1054 1721 1280 1770 carmina
1306 1721 1470 1775 fastu:

246 1824 399 1873 saepe
423 1811 562 1858 venit
589 1810 778 1873 inagno
805 1810 986 1858 fenore
1012 1810 1185 1859 tardus
1210 1809 1393 1859 Amor.

762 2014 1077 2022 ---—-—-———

768 2267 776 2278 ·
847 2250 988 2298 VIII.

173 2428 321 2475 Tune
344 2427 503 2489 igitur
527 2427 754 2485 domem,
789 2441 885 2474 nec
912 2434 962 2474 te
987 2442 1101 2475 mea
1129 2442 1250 2475 cura
1275 2427 1535 2474 moratur?

244 2530 311 2562 an
337 2515 429 2562 tibi
457 2530 570 2562 sum
594 2514 765 2576 gelida
791 2513 939 2562 vilior
962 2514 1155 2577 Illyria,

175 2611 224 2652 et
247 2604 340 2651 tibi
366 2604 466 2651 iam
493 2604 639 2663 tanti,
672 2603 983 2666 quicumque
1009 2610 1102 2662 est,
1133 2603 1229 2651 iste
1259 2603 1469 2662 videtur,

177 2705 341 2749 Propert.
390 2705 450 2741 ed.
470 2705 516 2740 ll.
1282 2716 1338 2756 14

1565 146 1669 198 2⁰9
