1942 3000
758 168 936 207 LIBER
966 168 1082 211 1111.
1213 131 1221 137 r
1563 161 1668 214 297

178 326 299 374 talia
324 324 577 388 Calliope,
608 326 934 388 lymphisque
959 341 994 373 a
1018 325 1164 373 fonte
1187 325 1356 388 petitis

248 430 338 463 ora
361 414 627 464 Philetaea
652 421 829 466 nostra
854 414 1039 478 rigavit
1063 429 1215 478 aqua.

762 600 1082 607 *—

860 786 982 864 ΙΠΙ.

176 945 335 994 Arma
360 945 483 993 deus
511 945 703 995 Caesar
727 945 857 993 dites
882 946 1156 994 meditatur
1189 945 1254 992 ad
1277 943 1453 1002 Indos,

248 1043 297 1083 et
321 1035 453 1084 freta
478 1034 761 1097 gemmiferi
787 1035 980 1083 findere
1006 1034 1174 1083 classe
1196 1033 1371 1082 mariS.
1458 1051 1463 1054 ⁸

173 1138 378 1185 magna,
411 1123 522 1184 viri,
552 1137 764 1172 merces·
808 1130 956 1185 parat
979 1123 1162 1171 ultima
1189 1130 1325 1172 terra
1348 1120 1634 1183 triumphos
1653 1137 1668 1168 ε

242 1212 411 1273 Tigris
439 1219 490 1260 et
510 1212 799 1276 Euphrates
826 1214 919 1261 sub
948 1220 1038 1260 tua
1061 1211 1174 1259 iura
1199 1212 1386 1260 fluent:

106 1311 131 1349 5
177 1314 307 1358 sera,
345 1300 433 1347 sed
459 1299 711 1347 Ausoniis
739 1301 907 1348 veniet
932 1299 1200 1362 provincia
1223 1299 1405 1361 virgis:

244 1388 552 1435 adsuescent
574 1388 726 1435 Latio
754 1387 943 1435 Partha
966 1394 1181 1449 tropaea
1205 1387 1334 1435 Iovi.

171 1477 242 1526 ite
267 1476 422 1539 agite,
454 1482 694 1540 expertae
718 1475 858 1524 bello
886 1475 1001 1524 date
1027 1474 1189 1523 lintea
1213 1487 1414 1537 prorae,

244 1573 294 1614 et
317 1566 529 1613 solitum
554 1564 794 1625 armigeri
822 1564 992 1612 ducite
1017 1576 1204 1611 munus
1233 1563 1370 1625 equi.

172 1653 350 1701 omina
373 1653 544 1702 fausta
565 1667 721 1704 cano·
800 1651 1014 1701 Crassos
1041 1650 1342 1712 clademque
1367 1650 1506 1713 piate
1522 1668 1537 1698 ι

69 1752 127 1793 10
242 1743 312 1791 ite
338 1750 388 1791 et
411 1742 678 1796 Romanae
704 1740 960 1789 consulite
984 1738 1230 1787 historiae

169 1831 312 1879 Mars
339 1839 484 1894 pater
509 1838 562 1879 et
583 1845 762 1879 sacrae
786 1829 967 1878 fatalia
992 1827 1190 1876 lumina
1214 1826 1423 1885 Vestae,

242 1926 363 1968 ante
388 1934 531 1968 meos
559 1920 728 1968 obitus
755 1919 838 1977 sit,
871 1932 1073 1981 precor,
1103 1915 1198 1963 illa
1223 1915 1328 1962 dies

171 2023 288 2070 qua.
302 2008 498 2055 videam
523 2007 704 2069 spoliis
732 2012 973 2054 oneratos
1004 2003 1240 2053 Caesaris
1266 2017 1410 2062 axe8‚

242 2095 473 2157 advulgi
499 2096 710 2157 plausus
738 2108 892 2156 saepe
918 2092 1157 2141 resistere
1182 2106 1363 2155 equOS,

62 2192 83 2233 1
99 2195 124 2235 5
166 2185 328 2247 inque
353 2184 472 2231 sinu
497 2197 647 2230 carae
671 2182 825 2230 nixus
851 2189 1084 2245 spectare
1109 2181 1315 2243 puellae

241 2273 507 2336 incipiam,
541 2279 591 2320 et
615 2271 774 2319 titulis
803 2270 994 2333 oppida
1019 2276 1171 2333 capta
1193 2269 1381 2331 legam,

167 2363 277 2410 tela
301 2361 498 2424 fugacis
528 2361 648 2423 equi
675 2367 725 2409 et
751 2359 986 2408 braccati.
1005 2358 1181 2407 militis
1207 2372 1356 2405 arcus

244 2459 296 2499 et
321 2452 496 2499 subter
520 2456 697 2512 captos
724 2463 867 2499 arma
891 2449 1067 2497 sedere
1099 2447 1274 2496 duces.

164 2539 285 2604 ipsa
312 2548 453 2587 tuam
477 2552 623 2586 serva
647 2538 863 2601 prolem,
894 2537 1100 2585 Venus:
1143 2536 1244 2584 hoc
1270 2536 1335 2583 sit
1357 2534 1411 2582 in
1438 2549 1643 2594 aevum„

54 2636 119 2677 20
242 2628 411 2677 cernis
438 2629 503 2676 ab
529 2628 711 2677 Aenea
737 2626 876 2690 quod
903 2641 1172 2690 superesse
1197 2631 1369 2687 caput.
