1942 3000
272 132 376 182 176
892 136 1138 175 *mmmm

969 417 1061 466 VI.

271 576 501 626 Candide
525 575 700 636 Liber,
733 577 852 624 ades
882 576 980 639 (sic
1006 576 1071 625 sit
1094 575 1186 624 tibi
1211 562 1423 638 mystiea
1448 578 1579 635 vitiS‚

343 679 544 728 semper
567 652 854 714 sie‘hedera
880 673 1113 728 tempora
1135 665 1306 713 vincta
1330 665 1511 728 feras),

271 755 417 803 aufer
442 762 491 802 et
515 754 625 817 ipse
652 768 822 802 meum
848 762 1025 817 patera
1050 753 1334 802 medicante
1361 754 1621 803 dolorem:

345 857 499 905 saepe
525 848 615 890 tuo
643 841 829 890 cecidit
851 856 1064 890 munere
1090 842 1253 890 vietus
1278 857 1439 891 amor.

205 941 231 980 5
274 946 391 980 care
416 945 560 994 puer,
593 931 833 979 madeant
858 944 1111 993 generoso
1140 931 1327 993 poeula
1351 931 1578 990 Bacche,

345 1028 392 1069 et
418 1020 569 1067 nobis
597 1035 761 1081 prona
785 1018 945 1067 funde
969 1019 1191 1067 Falerna
1214 1034 1388 1067 manu.

272 1108 342 1157 ite
368 1108 548 1171 procul
574 1108 758 1155 durum
783 1122 936 1155 curae
961 1121 1142 1169 genus,
1171 1107 1243 1154 ite
1267 1107 1499 1156 labores:

292 1264 294 1266 ‚
343 1197 548 1245 fulserit
571 1196 655 1244 hie
680 1196 839 1243 niveis
864 1196 1046 1243 Delius
1074 1195 1299 1244 alitibus.

272 1300 363 1333 vos
388 1286 543 1333 modo
571 1284 837 1347 proposito
865 1284 1041 1333 dulces
1068 1284 1277 1332 faveatis
1310 1284 1476 1343 amici,

174 1381 233 1422 10
345 1388 474 1421 neve
499 1380 653 1435 neget
678 1374 950 1435 quisquam
976 1386 1057 1420 me
1083 1372 1212 1420 duee
1236 1387 1291 1421 se
1318 1373 1581 1421 comitem:

274 1470 364 1512 aut
387 1462 546 1526 siquis
574 1462 676 1510 vini
703 1470 960 1511 certamen
985 1462 1108 1510 mite
1133 1469 1351 1522 recusat,

344 1551 494 1600 fallat
519 1565 636 1598 eum
660 1559 797 1600 tecto
825 1566 944 1599 cara
969 1551 1145 1613 puella
1171 1551 1309 1598 dolo,

278 1641 367 1689 ille
391 1640 516 1688 facit
540 1640 668 1688 dites
695 1639 894 1688 animos
921 1640 1065 1698 deuS‚
1097 1639 1187 1687 ille
1210 1639 1435 1686 ferocem

346 1728 583 1777 contudit
610 1736 659 1776 et
683 1728 921 1776 dominae
946 1728 1086 1776 misit
1109 1728 1163 1775 in
1191 1727 1474 1791 arbitrium2

176 1827 231 1866 15
271 1817 544 1865 Armenias
570 1817 726 1879 tigres
754 1824 804 1864 et
828 1816 992 1864 fulvas
1019 1817 1107 1865 ille
1133 1817 1339 1864 leaenas

347 1906 469 1953 vicit
494 1913 545 1953 et
569 1905 830 1953 indomitis
857 1905 1040 1952 mollia
1065 1905 1222 1953 eorda
1248 1904 1402 1952 dedit.

273 1995 401 2042 haee
425 1994 588 2041 Amor
614 2001 664 2041 et
686 1994 883 2041 maiora
907 1994 1060 2041 valet.
1104 1994 1190 2041 sed
1220 1993 1416 2056 poscite
1438 1993 1632 2041 Bacchi

344 2096 585 2130 munera:
629 2097 782 2144 quem
805 2089 1030 2130 vestrum
1054 2082 1244 2144 poeula
1269 2082 1409 2130 sicca
1432 2081 1643 2130 iuvant?

275 2171 515 2219 convenit
542 2185 606 2218 ex
632 2184 798 2232 aequo
825 2185 920 2219 nee
947 2178 1120 2218 torvus
1148 2170 1305 2218 Liber
1330 2170 1383 2218 in
1410 2170 1513 2218 illis

171 2265 234 2305 20
346 2258 434 2320 qui
461 2272 517 2307 se
542 2259 735 2321 quique
761 2274 865 2306 una
889 2259 1009 2306 vina
1030 2259 1208 2306 iocosa
1234 2259 1438 2307 colunt:

278 2346 517 2394 convenit
538 2347 697 2395 iratus
726 2346 941 2394 nimium
967 2346 1287 2410 nimiumque
1312 2361 1545 2395 severos:

347 2434 434 2496 qui
460 2435 605 2482 timet
628 2435 743 2482 irati
773 2434 985 2482 numina
1011 2449 1214 2496 magna,
1248 2436 1405 2483 bibat.

277 2522 454 2583 quales
481 2522 560 2569 his
589 2537 782 2585 poenas
810 2523 979 2586 qualis
1007 2531 1332 2585 quantusque
1358 2523 1593 2581 minetur,

348 2607 601 2658 Cadmeae
624 2611 796 2659 matris
823 2612 1015 2674 praeda
1041 2618 1250 2659 cruenta
1274 2611 1441 2659 docet.
