1942 3000
271 150 375 206 1⁶18
893 159 1137 198 'nnuma

166 324 228 364 70
338 315 443 363 iam
466 314 635 363 veniet
658 314 882 364 tenebris
907 315 1051 364 Mors
1076 316 1323 378 adoperta
1357 323 1526 378 caput,

267 403 371 451 iam
397 403 638 465 subrepet
661 403 799 451 iners
827 411 988 463 aetaS‚
1022 418 1192 466 neque
1216 418 1389 451 amare
1414 404 1628 464 decebit,

340 492 509 539 dicere
536 505 630 539 nec
658 506 787 539 cano
817 491 1091 539 blanditias
1126 490 1299 553 capiti.

267 595 407 629 nunc
434 580 557 628 levis
586 588 662 628 est
686 580 954 628 tractanda
967 581 1163 639 Venus,
1195 579 1316 627 dum
1330 580 1567 642 frangere
1591 589 1763 643 postes

339 683 447 717 non
472 668 629 731 pudet
654 675 704 716 et
727 669 865 716 rixas
889 668 1168 716 inseruisse
1192 668 1346 716 iuvat.

164 766 225 807 75
266 758 352 806 hic
379 772 474 820 ego
503 758 608 805 dux
632 757 885 820 milesque
911 758 1107 805 bonus:
1151 771 1260 816 VOS,
1292 757 1443 819 signa
1468 759 1742 821 tubaeque,

338 847 407 895 ite
432 847 632 910 procul,
668 846 866 909 cupidis
895 847 1107 894 vulnera
1131 846 1259 895 ferte
1283 846 1422 896 viris.

267 936 395 984 ferte
421 943 471 984 et
497 950 652 997 opesx
695 950 791 997 ego
819 936 1091 998 conposito
1118 950 1327 984 securus
1354 950 1536 984 acervo

340 1024 620 1088 despiciam
647 1023 773 1073 dites
802 1024 1185 1087 despiciamque
1209 1024 1413 1073 famem.

859 1212 1174 1219 ——-

979 1397 1047 1446 11.

265 1558 414 1606 Adde
441 1572 637 1606 merum
661 1559 884 1620 vinoque
911 1573 1071 1607 novos
1099 1572 1353 1621 conpesce
1381 1558 1601 1615 dolorm,

340 1654 562 1708 occupet
586 1655 642 1694 ut
666 1647 788 1694 fessi
815 1647 1011 1694 lumina
1036 1647 1170 1694 victa
1194 1660 1377 1708 sopor:

266 1749 370 1783 neu
397 1735 670 1797 quisquam
696 1736 859 1783 multo
885 1735 1150 1798 perfusum
1177 1743 1410 1797 tempora
1435 1733 1644 1783 Baccho

342 1823 547 1882 excitet,
576 1823 759 1871 infelix
786 1824 908 1871 dum
933 1823 1210 1886 requiescit
1235 1837 1397 1871 amor.

201 1922 227 1962 5
268 1927 389 1959 nam
416 1911 584 1974 posita
610 1919 687 1959 est
712 1919 920 1959 nostrae
949 1911 1182 1959 custodia
1206 1925 1355 1959 saeva
1382 1912 1603 1974 puellae,

342 1999 598 2048 clauditur
622 2007 670 2047 et
696 1999 826 2047 dura
848 1999 1007 2047 ianua
1031 2000 1176 2047 firma
1203 2014 1332 2048 sera.

267 2088 425 2136 ianua
451 2087 673 2136 difficilis
700 2087 915 2147 domini,
947 2096 998 2137 te
1022 2089 1251 2137 verberet
1277 2089 1457 2150 imber,

338 2186 389 2227 te
413 2178 548 2226 Iovis
575 2177 790 2240 imperio
817 2177 1037 2225 fulmina
1063 2178 1218 2226 missa
1249 2187 1441 2241 petant.

267 2268 441 2327 ianua,
472 2267 575 2315 iam
600 2274 775 2330 pateas
803 2267 892 2314 uni
919 2268 1060 2327 mihi,
1092 2267 1225 2315 victa
1251 2267 1514 2330 querellis,

167 2363 226 2405 10
343 2370 446 2404 neu
471 2355 648 2404 furtim
674 2370 818 2403 verso
847 2357 1055 2404 cardine
1081 2364 1258 2419 aperta
1282 2371 1451 2404 sones.

269 2453 320 2494 et
345 2446 482 2494 mala
505 2446 656 2508 siqua
680 2445 773 2492 tibi
801 2445 930 2493 dixit
955 2446 1209 2493 dementia
1234 2454 1429 2505 nostra,

340 2535 608 2597 ignoscast
655 2535 806 2598 capiti
833 2535 934 2584 sint
960 2549 1143 2598 precor
1167 2535 1260 2583 illa
1285 2549 1419 2584 meo,

267 2631 318 2672 te
344 2623 636 2672 meminisse
663 2624 824 2685 decet,
857 2638 991 2687 quae
1017 2624 1240 2687 plurima
1265 2638 1390 2673 voce
1415 2622 1593 2686 peregi
