1942 3000
803 214 980 252 LIBER
1012 215 1077 252 ιι.
1560 215 1662 265 133

95 379 116 422 1
132 379 194 419 05
222 385 345 432 pace
371 378 459 418 tua
485 379 697 433 pereant
723 385 872 419 arcus
900 380 1215 435 pereantque
1241 374 1478 435 sagittae,

290 459 511 515 Phoebe,
544 460 698 507 modo
724 461 778 507 in
806 461 952 509 terris
982 469 1113 509 erret
1138 462 1343 509 inermis
1370 463 1550 510 Amor.

221 562 300 595 ars
328 550 490 596 bona:
525 549 614 595 sed
642 557 917 611 postquam
943 551 1161 612 sumpsit
1186 551 1282 598 sibi
1308 551 1411 598 tela
1436 549 1656 613 Cupido,

289 637 388 684 heu
416 637 515 684 heu
541 652 694 699 quam
723 638 896 686 multis
925 653 1008 686 ars
1034 637 1172 686 dedit
1197 639 1289 686 illa
1313 640 1537 687 malum!

222 733 270 772 et
294 724 415 772 mihi
441 726 716 788 praecipue
765 726 908 774 iaceo
937 741 1055 774 cum
1082 728 1285 775 saucius
1313 741 1509 774 annum

87 822 105 861 1
129 821 189 861 10
290 821 339 861 et
364 813 512 861 faveo
539 815 738 872 morbo,
773 830 888 863 cum
914 815 1056 863 iuvat
1080 815 1191 878 ipse
1217 816 1382 873 dolor,

219 915 379 963 usque
407 916 537 950 cano
563 902 837 958 Nemesim,
871 904 984 951 sine
1010 919 1112 966 qua
1138 918 1311 952 versus
1337 904 1461 952 mihi
1486 904 1662 952 nullus

285 991 438 1037 verba
463 998 633 1052 potest
657 991 820 1039 iustos
846 999 935 1039 aut
961 993 1183 1055 reperire
1210 992 1383 1055 pedes.

218 1086 270 1125 at
294 1086 347 1125 tu
377 1078 521 1142 (nam
548 1079 719 1127 divum
745 1089 911 1128 servat
936 1082 1097 1129 tutela
1122 1080 1348 1144 poetas),

285 1181 616 1229 praemoneO,
650 1169 751 1217 vati
777 1184 945 1231 parce,
982 1170 1173 1231 puella,
1206 1184 1370 1229 saci-0,

85 1263 107 1303 1
129 1264 185 1304 15
215 1263 271 1303 ut
296 1256 632 1306 Messalinum
658 1258 929 1317 celebrem,
965 1272 1081 1305 cum
1107 1258 1336 1320 praemia
1362 1258 1483 1306 belli

289 1354 407 1394 ante
434 1361 554 1394 suos
583 1361 760 1394 currus
789 1347 980 1409 oppida
1006 1347 1138 1394 victa
1163 1347 1308 1406 feret,

213 1434 326 1497 ipse
351 1449 532 1497 gerens
559 1436 760 1483 lauros:
804 1436 952 1482 lauro
980 1435 1244 1483 devinctus
1272 1434 1461 1497 agresti

285 1524 431 1572 miles
457 1525 544 1571 ‘io'
571 1538 757 1586 magna
782 1539 906 1572 voce
931 1525 1221 1587 ‘triumphe'
1248 1532 1415 1573 canet.

213 1620 323 1660 tum
348 1612 594 1660 Messalla
618 1628 760 1660 meus
786 1613 873 1675 pia
897 1613 982 1661 det
1007 1614 1301 1675 spectacula
1326 1614 1506 1660 turbae

80 1707 180 1749 120
286 1709 336 1748 et
362 1702 574 1764 plaudat
600 1716 752 1748 curru
778 1711 1136 1762 praetereunte
1162 1711 1321 1764 pater.

212 1789 412 1838 adnue:
458 1791 531 1838 sic
557 1789 647 1837 tibi
676 1790 780 1838 sint
804 1790 1015 1849 intonsi,
1049 1790 1274 1849 Phoebe,
1308 1789 1502 1852 capilli,

282 1878 356 1926 sic
384 1886 469 1925 tua
498 1887 746 1940 perpetuo
774 1879 841 1926 sit
864 1879 955 1926 tibi
986 1887 1128 1927 casta
1153 1893 1317 1926 soror.

776 2084 1089 2091 ———————

884 2303 977 2351 VI.

205 2479 395 2529 Castra
419 2480 596 2528 Macer
621 2479 877 2542 sequitur:
922 2489 1098 2529 tenero
1126 2478 1248 2541 quid
1275 2479 1362 2526 fiet
1383 2478 1601 2526 Amori?

282 2569 349 2616 sit
376 2583 544 2616 comes
573 2576 623 2616 et
649 2569 786 2616 collo
813 2567 1016 2615 fortiter
1040 2582 1183 2614 arma
1209 2567 1387 2628 gerat?

204 2665 258 2705 et
284 2671 378 2704 seu
403 2657 562 2719 longa
586 2657 749 2703 virum
775 2665 939 2704 terrae
967 2656 1048 2703 via
1075 2670 1165 2702 seu
1193 2669 1322 2715 vaga
1348 2654 1536 2702 ducent

1269 2761 1358 2805 11·
