1942 3000
261 164 366 216 252
846 165 1169 209 vitorum-‘11

909 503 1039 553 XIII
1053 518 1098 552 c.

256 679 431 743 Atque
457 681 653 729 utinam
679 681 855 745 primis
880 681 1104 730 animam
1128 694 1211 729 me
1237 694 1431 743 ponere
1456 683 1605 732 cunis

326 769 564 819 iussisset
589 770 797 833 quaevis
823 766 888 820 de
911 770 1074 820 tribus
1100 785 1205 817 una
1231 772 1408 819 soror!
1445 784 1448 787 ’

152 864 217 906 45
258 872 377 906 nam
403 866 639 921 quotam
664 859 849 907 dubiae
874 865 1103 907 servetur
1126 857 1334 921 spiritus
1361 858 1554 907 horae?

327 947 559 996 Nestoris
588 955 664 996 est
687 948 820 997 visus
848 955 968 1011 post
991 947 1090 996 tria
1115 948 1286 996 saecla
1317 947 1467 996 cinis.

258 1035 342 1084 cui
368 1035 412 1083 si
437 1043 546 1083 tam
568 1036 759 1098 longae
782 1036 1053 1085 minuisset
1077 1036 1184 1084 fata
1209 1041 1447 1086 senectae

327 1126 355 1184 †
381 1122 611 1172 Gallicus
639 1124 813 1173 Iliacis
840 1124 989 1173 miles
1015 1124 1070 1173 in
1098 1125 1393 1188 aggeribus,

255 1225 363 1260 non
389 1211 479 1260 ille
503 1212 769 1260 Antilochi
794 1212 1005 1261 vidisset
1030 1227 1218 1275 corpus
1244 1213 1463 1273 humari,

152 1306 214 1347 50
328 1298 522 1348 diceret
546 1306 635 1348 aut
657 1300 706 1347 ‘0
733 1314 890 1361 mors,
924 1315 1016 1349 cur
1041 1301 1164 1349 mihi
1193 1316 1307 1350 sera
1333 1302 1475 1351 venis
1492 1301 1532 1350 ?’

168 1380 190 1389 ⁶
254 1393 311 1435 tu
337 1393 509 1435 tamen
535 1388 727 1436 amisso
754 1402 860 1436 non
886 1403 1170 1453 numquam
1194 1390 1340 1439 flebis
1366 1390 1561 1439 amico:

325 1475 403 1525 fas
431 1484 507 1525 est
531 1477 832 1540 praeteritos
859 1492 1062 1542 semper
1085 1492 1260 1528 amare
1284 1479 1438 1529 viros.

253 1564 415 1625 testiS,
450 1565 533 1614 cui
559 1566 763 1615 niveum
789 1568 1052 1630 quondam
1076 1568 1331 1631 percussit
1354 1568 1564 1619 Adonin

327 1662 598 1703 venantem
622 1656 788 1704 Idalio
813 1656 1004 1705 vertice
1028 1656 1184 1705 durus
1210 1671 1360 1720 aper:

151 1750 213 1790 55
254 1741 358 1791 illis
384 1743 671 1792 formosum
694 1745 915 1793 iacuisse
942 1746 1240 1808 paludibu8‚
1273 1746 1399 1796 illuc

325 1830 509 1879 diceris
537 1831 699 1880 effusa
724 1841 779 1880 tu
807 1833 986 1881 Venus
1012 1833 1115 1883 isse
1141 1848 1306 1884 coma.

254 1918 342 1967 sed
368 1918 559 1966 frustra
581 1927 751 1967 mutos
778 1922 1062 1982 revocabis,
1095 1920 1332 1985 Cynthia,
1363 1938 1571 1972 manes:

323 2021 443 2054 nam
468 2018 581 2055 mea
609 2007 731 2070 quid
757 2015 1002 2071 poterunt
1028 2023 1146 2057 ossa
1172 2010 1371 2060 minuta
1395 2012 1572 2074 loqui?

843 2195 1159 2203 *—

909 2378 1083 2429 XIIII.

246 2535 294 2585 N
298 2552 366 2586 on
390 2537 463 2585 ita
488 2536 752 2585 Dardanio
779 2538 985 2600 gavisus
1009 2537 1193 2588 Atrida
1217 2539 1539 2604 triumphost,

321 2639 437 2673 cum
464 2625 707 2674 caderent
731 2640 950 2690 magnae
974 2626 1344 2678 Laomedontis
1372 2643 1517 2692 opes,
