<?xml version="1.0" encoding="UTF-8"?>
<!DOCTYPE html PUBLIC "-//W3C//DTD XHTML 1.0 Transitional//EN"
    "http://www.w3.org/TR/xhtml1/DTD/xhtml1-transitional.dtd">
<html xmlns="http://www.w3.org/1999/xhtml" xml:lang="en" lang="en">
 <head>
  <title>
</title>
<meta http-equiv="Content-Type" content="text/html;charset=utf-8" />
  <meta name='ocr-system' content='tesseract 3.04.00' />
  <meta name='ocr-capabilities' content='ocr_page ocr_carea ocr_par ocr_line ocrx_word'/>
</head>
<body>
  <div class='ocr_page' id='page_1' title='image "./catullitibullip02vahlgoog_0162.png"; bbox 0 0 1942 3000; ppageno 0'>
   <div class='ocr_carea' id='block_1_1' title="bbox 237 85 1107 135">
    <p class='ocr_par' dir='ltr' id='par_1_1' title="bbox 237 85 1107 135">
     <span class='ocr_line' id='line_1_1' title="bbox 237 85 1107 135; baseline -0.01 0"><span class='ocrx_word' id='word_1_1' title='bbox 237 85 339 135; x_wconf 73' lang='lat'>152</span> <span class='ocrx_word' id='word_1_2' title='bbox 866 89 1107 129; x_wconf 77' lang='lat' dir='ltr'>TrssULLI</span> 
     </span>
    </p>
   </div>
   <div class='ocr_carea' id='block_1_2' title="bbox 944 352 1013 400">
    <p class='ocr_par' dir='ltr' id='par_1_2' title="bbox 944 352 1013 400">
     <span class='ocr_line' id='line_1_2' title="bbox 944 352 1013 400; baseline -0.014 0"><span class='ocrx_word' id='word_1_3' title='bbox 944 352 1013 400; x_wconf 88' lang='grc' dir='ltr'>Π.</span> 
     </span>
    </p>
   </div>
   <div class='ocr_carea' id='block_1_3' title="bbox 123 511 1709 2434">
    <p class='ocr_par' dir='ltr' id='par_1_3' title="bbox 123 511 1709 2434">
     <span class='ocr_line' id='line_1_3' title="bbox 233 511 1511 574; baseline 0 -14"><span class='ocrx_word' id='word_1_4' title='bbox 233 513 479 561; x_wconf 84' lang='lat' dir='ltr'><strong>Dicamus</strong></span> <span class='ocrx_word' id='word_1_5' title='bbox 506 512 644 560; x_wconf 86' lang='lat' dir='ltr'>bona</span> <span class='ocrx_word' id='word_1_6' title='bbox 668 512 823 559; x_wconf 78' lang='lat' dir='ltr'>verba</span> <span class='ocrx_word' id='word_1_7' title='bbox 849 512 1015 574; x_wconf 80' lang='lat' dir='ltr'>(venit</span> <span class='ocrx_word' id='word_1_8' title='bbox 1040 511 1248 574; x_wconf 85' lang='lat' dir='ltr'>natalis)</span> <span class='ocrx_word' id='word_1_9' title='bbox 1278 512 1342 559; x_wconf 86' lang='lat' dir='ltr'>ad</span> <span class='ocrx_word' id='word_1_10' title='bbox 1366 527 1511 561; x_wconf 84' lang='lat' dir='ltr'>aras:</span> 
     </span>
     <span class='ocr_line' id='line_1_4' title="bbox 305 599 1536 664; baseline 0.001 -16"><span class='ocrx_word' id='word_1_11' title='bbox 305 601 539 664; x_wconf 89' lang='lat' dir='ltr'>quisquis</span> <span class='ocrx_word' id='word_1_12' title='bbox 566 601 706 660; x_wconf 87' lang='lat' dir='ltr'>ades,</span> <span class='ocrx_word' id='word_1_13' title='bbox 737 600 933 663; x_wconf 88' lang='lat' dir='ltr'>lingua,</span> <span class='ocrx_word' id='word_1_14' title='bbox 966 600 1042 647; x_wconf 89' lang='lat' dir='ltr'>vir</span> <span class='ocrx_word' id='word_1_15' title='bbox 1066 600 1370 663; x_wconf 83' lang='lat' dir='ltr'>mulierque,</span> <span class='ocrx_word' id='word_1_16' title='bbox 1403 599 1536 649; x_wconf 85' lang='lat' dir='ltr'>fave.</span> 
     </span>
     <span class='ocr_line' id='line_1_5' title="bbox 233 689 1324 752; baseline -0.001 -14"><span class='ocrx_word' id='word_1_17' title='bbox 233 698 446 744; x_wconf 83' lang='lat' dir='ltr'>urantur</span> <span class='ocrx_word' id='word_1_18' title='bbox 470 691 557 752; x_wconf 84' lang='lat' dir='ltr'>pia</span> <span class='ocrx_word' id='word_1_19' title='bbox 581 698 694 738; x_wconf 88' lang='lat' dir='ltr'>tura</span> <span class='ocrx_word' id='word_1_20' title='bbox 718 689 866 744; x_wconf 84' lang='lat' dir='ltr'>focis,</span> <span class='ocrx_word' id='word_1_21' title='bbox 901 697 1116 737; x_wconf 86' lang='lat' dir='ltr'>urantur</span> <span class='ocrx_word' id='word_1_22' title='bbox 1141 690 1324 737; x_wconf 88' lang='lat' dir='ltr'>odores</span> 
     </span>
     <span class='ocr_line' id='line_1_6' title="bbox 305 777 1388 841; baseline -0.001 -16"><span class='ocrx_word' id='word_1_23' title='bbox 305 793 434 841; x_wconf 85' lang='lat' dir='ltr'>quos</span> <span class='ocrx_word' id='word_1_24' title='bbox 460 786 604 826; x_wconf 86' lang='lat' dir='ltr'>tener</span> <span class='ocrx_word' id='word_1_25' title='bbox 630 792 657 826; x_wconf 91' lang='lat' dir='ltr'>e</span> <span class='ocrx_word' id='word_1_26' title='bbox 683 785 818 825; x_wconf 85' lang='lat' dir='ltr'>terra</span> <span class='ocrx_word' id='word_1_27' title='bbox 844 777 997 825; x_wconf 85' lang='lat' dir='ltr'>divite</span> <span class='ocrx_word' id='word_1_28' title='bbox 1022 778 1176 825; x_wconf 88' lang='lat' dir='ltr'>mittit</span> <span class='ocrx_word' id='word_1_29' title='bbox 1200 777 1388 825; x_wconf 86' lang='lat' dir='ltr'>Arabs.</span> 
     </span>
     <span class='ocr_line' id='line_1_7' title="bbox 167 865 1349 929; baseline -0.002 -13"><span class='ocrx_word' id='word_1_30' title='bbox 167 877 191 916; x_wconf 85' lang='lat'>5</span> <span class='ocrx_word' id='word_1_31' title='bbox 231 866 343 929; x_wconf 87' lang='lat' dir='ltr'>ipse</span> <span class='ocrx_word' id='word_1_32' title='bbox 369 881 488 915; x_wconf 88' lang='lat' dir='ltr'>suos</span> <span class='ocrx_word' id='word_1_33' title='bbox 515 866 698 928; x_wconf 87' lang='lat' dir='ltr'>genius</span> <span class='ocrx_word' id='word_1_34' title='bbox 725 866 858 913; x_wconf 87' lang='lat' dir='ltr'>adsit</span> <span class='ocrx_word' id='word_1_35' title='bbox 882 865 1080 914; x_wconf 88' lang='lat' dir='ltr'>visurus</span> <span class='ocrx_word' id='word_1_36' title='bbox 1107 866 1349 924; x_wconf 51' lang='lat' dir='ltr'>honore-Q</span> 
     </span>
     <span class='ocr_line' id='line_1_8' title="bbox 305 954 1475 1003; baseline -0.001 0"><span class='ocrx_word' id='word_1_37' title='bbox 305 955 387 1003; x_wconf 88' lang='lat' dir='ltr'>cui</span> <span class='ocrx_word' id='word_1_38' title='bbox 414 955 657 1002; x_wconf 80' lang='lat' dir='ltr'>decorent</span> <span class='ocrx_word' id='word_1_39' title='bbox 683 961 887 1002; x_wconf 87' lang='lat' dir='ltr'>sanctas</span> <span class='ocrx_word' id='word_1_40' title='bbox 915 954 1096 1001; x_wconf 83' lang='lat' dir='ltr'>mollia</span> <span class='ocrx_word' id='word_1_41' title='bbox 1124 962 1257 1002; x_wconf 86' lang='lat' dir='ltr'>sert-a</span> <span class='ocrx_word' id='word_1_42' title='bbox 1283 968 1475 1002; x_wconf 86' lang='lat' dir='ltr'>comas.</span> 
     </span>
     <span class='ocr_line' id='line_1_9' title="bbox 231 1040 1277 1104; baseline -0.002 -14"><span class='ocrx_word' id='word_1_43' title='bbox 231 1042 371 1090; x_wconf 90' lang='lat' dir='ltr'>illius</span> <span class='ocrx_word' id='word_1_44' title='bbox 399 1057 529 1104; x_wconf 89' lang='lat' dir='ltr'>puro</span> <span class='ocrx_word' id='word_1_45' title='bbox 556 1040 817 1089; x_wconf 78' lang='lat' dir='ltr'>destillent</span> <span class='ocrx_word' id='word_1_46' title='bbox 841 1049 1075 1103; x_wconf 80' lang='lat' dir='ltr'>tempora</span> <span class='ocrx_word' id='word_1_47' title='bbox 1099 1041 1277 1099; x_wconf 88' lang='lat' dir='ltr'>nardo,</span> 
     </span>
     <span class='ocr_line' id='line_1_10' title="bbox 303 1129 1368 1193; baseline 0 -15"><span class='ocrx_word' id='word_1_48' title='bbox 303 1139 458 1193; x_wconf 85' lang='lat' dir='ltr'>atque</span> <span class='ocrx_word' id='word_1_49' title='bbox 484 1138 625 1178; x_wconf 88' lang='lat' dir='ltr'>satur</span> <span class='ocrx_word' id='word_1_50' title='bbox 650 1129 757 1178; x_wconf 90' lang='lat' dir='ltr'>libo</span> <span class='ocrx_word' id='word_1_51' title='bbox 785 1130 852 1177; x_wconf 88' lang='lat' dir='ltr'>sit</span> <span class='ocrx_word' id='word_1_52' title='bbox 877 1130 1183 1191; x_wconf 87' lang='lat' dir='ltr'>madeatque</span> <span class='ocrx_word' id='word_1_53' title='bbox 1208 1144 1368 1189; x_wconf 82' lang='lat' dir='ltr'>merc,</span> 
     </span>
     <span class='ocr_line' id='line_1_11' title="bbox 230 1217 1589 1281; baseline 0.001 -15"><span class='ocrx_word' id='word_1_54' title='bbox 230 1219 423 1267; x_wconf 86' lang='lat' dir='ltr'>adnuat</span> <span class='ocrx_word' id='word_1_55' title='bbox 448 1226 514 1278; x_wconf 79' lang='lat' dir='ltr'>et,</span> <span class='ocrx_word' id='word_1_56' title='bbox 548 1217 793 1277; x_wconf 65' lang='lat' dir='ltr'>Cornum,</span> <span class='ocrx_word' id='word_1_57' title='bbox 828 1219 939 1278; x_wconf 85' lang='lat' dir='ltr'>tibi,</span> <span class='ocrx_word' id='word_1_58' title='bbox 974 1219 1334 1281; x_wconf 89' lang='lat' dir='ltr'>quodcumque</span> <span class='ocrx_word' id='word_1_59' title='bbox 1360 1219 1589 1281; x_wconf 84' lang='lat' dir='ltr'><strong>rogabis.</strong></span> 
     </span>
     <span class='ocr_line' id='line_1_12' title="bbox 130 1306 1450 1370; baseline -0.001 -14"><span class='ocrx_word' id='word_1_60' title='bbox 130 1316 188 1356; x_wconf 83' lang='lat'>10</span> <span class='ocrx_word' id='word_1_61' title='bbox 302 1323 364 1356; x_wconf 89' lang='lat' dir='ltr'>en</span> <span class='ocrx_word' id='word_1_62' title='bbox 391 1322 505 1370; x_wconf 86' lang='lat' dir='ltr'>age,</span> <span class='ocrx_word' id='word_1_63' title='bbox 541 1307 664 1370; x_wconf 89' lang='lat' dir='ltr'>quid</span> <span class='ocrx_word' id='word_1_64' title='bbox 693 1307 899 1355; x_wconf 79' lang='lat' dir='ltr'>cessas?</span> <span class='ocrx_word' id='word_1_65' title='bbox 935 1307 1117 1355; x_wconf 85' lang='lat' dir='ltr'>adnuit</span> <span class='ocrx_word' id='word_1_66' title='bbox 1143 1306 1254 1354; x_wconf 84' lang='lat' dir='ltr'>ille:</span> <span class='ocrx_word' id='word_1_67' title='bbox 1306 1322 1450 1369; x_wconf 85' lang='lat' dir='ltr'>roga.</span> 
     </span>
     <span class='ocr_line' id='line_1_13' title="bbox 232 1395 1324 1459; baseline -0.003 -15"><span class='ocrx_word' id='word_1_68' title='bbox 232 1411 474 1459; x_wconf 87' lang='lat' dir='ltr'>auguror,</span> <span class='ocrx_word' id='word_1_69' title='bbox 508 1396 683 1443; x_wconf 83' lang='lat' dir='ltr'>uxoris</span> <span class='ocrx_word' id='word_1_70' title='bbox 711 1396 840 1443; x_wconf 87' lang='lat' dir='ltr'>fidos</span> <span class='ocrx_word' id='word_1_71' title='bbox 868 1395 1071 1458; x_wconf 84' lang='lat' dir='ltr'>optabis</span> <span class='ocrx_word' id='word_1_72' title='bbox 1098 1408 1324 1442; x_wconf 87' lang='lat' dir='ltr'>amores:</span> 
     </span>
     <span class='ocr_line' id='line_1_14' title="bbox 303 1484 1297 1549; baseline -0.002 -15"><span class='ocrx_word' id='word_1_73' title='bbox 303 1486 406 1535; x_wconf 87' lang='lat' dir='ltr'>iam</span> <span class='ocrx_word' id='word_1_74' title='bbox 431 1500 547 1534; x_wconf 87' lang='lat' dir='ltr'>reor</span> <span class='ocrx_word' id='word_1_75' title='bbox 572 1486 670 1534; x_wconf 91' lang='lat' dir='ltr'>hoc</span> <span class='ocrx_word' id='word_1_76' title='bbox 695 1486 835 1549; x_wconf 88' lang='lat' dir='ltr'>ipsos</span> <span class='ocrx_word' id='word_1_77' title='bbox 865 1484 1132 1533; x_wconf 83' lang='lat' dir='ltr'>edidicisse</span> <span class='ocrx_word' id='word_1_78' title='bbox 1158 1484 1297 1534; x_wconf 89' lang='lat' dir='ltr'>deos.</span> 
     </span>
     <span class='ocr_line' id='line_1_15' title="bbox 232 1575 1627 1637; baseline -0.001 -14"><span class='ocrx_word' id='word_1_79' title='bbox 232 1590 329 1624; x_wconf 89' lang='lat' dir='ltr'>nec</span> <span class='ocrx_word' id='word_1_80' title='bbox 353 1575 440 1624; x_wconf 89' lang='lat' dir='ltr'>tibi</span> <span class='ocrx_word' id='word_1_81' title='bbox 466 1576 722 1635; x_wconf 87' lang='lat' dir='ltr'>malueris,</span> <span class='ocrx_word' id='word_1_82' title='bbox 756 1583 921 1624; x_wconf 88' lang='lat' dir='ltr'>totum</span> <span class='ocrx_word' id='word_1_83' title='bbox 948 1589 1304 1637; x_wconf 86' lang='lat' dir='ltr'>quaecumque</span> <span class='ocrx_word' id='word_1_84' title='bbox 1330 1588 1421 1636; x_wconf 88' lang='lat' dir='ltr'>per</span> <span class='ocrx_word' id='word_1_85' title='bbox 1448 1576 1627 1623; x_wconf 85' lang='lat' dir='ltr'>orbem</span> 
     </span>
     <span class='ocr_line' id='line_1_16' title="bbox 302 1663 1347 1722; baseline -0.002 -10"><span class='ocrx_word' id='word_1_86' title='bbox 302 1664 446 1712; x_wconf 85' lang='lat' dir='ltr'>fortis</span> <span class='ocrx_word' id='word_1_87' title='bbox 475 1673 584 1712; x_wconf 86' lang='lat' dir='ltr'>arat</span> <span class='ocrx_word' id='word_1_88' title='bbox 608 1664 779 1712; x_wconf 88' lang='lat' dir='ltr'>valido</span> <span class='ocrx_word' id='word_1_89' title='bbox 807 1664 1026 1711; x_wconf 82' lang='lat' dir='ltr'>rusticus</span> <span class='ocrx_word' id='word_1_90' title='bbox 1054 1678 1175 1711; x_wconf 84' lang='lat' dir='ltr'>arva</span> <span class='ocrx_word' id='word_1_91' title='bbox 1202 1663 1347 1722; x_wconf 86' lang='lat' dir='ltr'>bove,</span> 
     </span>
     <span class='ocr_line' id='line_1_17' title="bbox 131 1751 1516 1815; baseline -0.002 -14"><span class='ocrx_word' id='word_1_92' title='bbox 131 1760 188 1802; x_wconf 83' lang='lat'>15</span> <span class='ocrx_word' id='word_1_93' title='bbox 228 1767 326 1802; x_wconf 87' lang='lat' dir='ltr'>nec</span> <span class='ocrx_word' id='word_1_94' title='bbox 351 1753 462 1812; x_wconf 88' lang='lat' dir='ltr'>tibi,</span> <span class='ocrx_word' id='word_1_95' title='bbox 495 1767 810 1815; x_wconf 84' lang='lat' dir='ltr'>gemmarum</span> <span class='ocrx_word' id='word_1_96' title='bbox 836 1752 1086 1814; x_wconf 89' lang='lat' dir='ltr'>quidquid</span> <span class='ocrx_word' id='word_1_97' title='bbox 1112 1751 1347 1799; x_wconf 84' lang='lat' dir='ltr'>felicibus</span> <span class='ocrx_word' id='word_1_98' title='bbox 1370 1751 1516 1799; x_wconf 88' lang='lat' dir='ltr'>Indis</span> 
     </span>
     <span class='ocr_line' id='line_1_18' title="bbox 301 1840 1331 1903; baseline -0.001 -14"><span class='ocrx_word' id='word_1_99' title='bbox 301 1841 548 1900; x_wconf 88' lang='lat' dir='ltr'>nascitur,</span> <span class='ocrx_word' id='word_1_100' title='bbox 584 1841 665 1889; x_wconf 91' lang='lat' dir='ltr'>eoi</span> <span class='ocrx_word' id='word_1_101' title='bbox 693 1855 795 1903; x_wconf 81' lang='lat' dir='ltr'>qua</span> <span class='ocrx_word' id='word_1_102' title='bbox 820 1840 974 1888; x_wconf 87' lang='lat' dir='ltr'>maris</span> <span class='ocrx_word' id='word_1_103' title='bbox 1005 1840 1143 1888; x_wconf 87' lang='lat' dir='ltr'>unda</span> <span class='ocrx_word' id='word_1_104' title='bbox 1169 1841 1331 1888; x_wconf 88' lang='lat' dir='ltr'>rubet.</span> 
     </span>
     <span class='ocr_line' id='line_1_19' title="bbox 229 1929 1590 1991; baseline -0.002 -12"><span class='ocrx_word' id='word_1_105' title='bbox 229 1940 347 1979; x_wconf 85' lang='lat' dir='ltr'>vota</span> <span class='ocrx_word' id='word_1_106' title='bbox 373 1931 558 1978; x_wconf 83' lang='lat' dir='ltr'>cadant</span> <span class='ocrx_word' id='word_1_107' title='bbox 585 1930 810 1977; x_wconf 80' lang='lat' dir='ltr'>utinam!</span> <span class='ocrx_word' id='word_1_108' title='bbox 853 1930 1239 1991; x_wconf 85' lang='lat' dir='ltr'>strepitantibus</span> <span class='ocrx_word' id='word_1_109' title='bbox 1266 1930 1470 1977; x_wconf 85' lang='lat' dir='ltr'>advolet</span> <span class='ocrx_word' id='word_1_110' title='bbox 1494 1929 1590 1976; x_wconf 86' lang='lat' dir='ltr'>alis</span> 
     </span>
     <span class='ocr_line' id='line_1_20' title="bbox 299 2018 1436 2083; baseline -0.001 -16"><span class='ocrx_word' id='word_1_111' title='bbox 299 2020 532 2083; x_wconf 85' lang='lat' dir='ltr'>flavaque</span> <span class='ocrx_word' id='word_1_112' title='bbox 560 2019 804 2081; x_wconf 86' lang='lat' dir='ltr'>coniugio</span> <span class='ocrx_word' id='word_1_113' title='bbox 833 2018 1039 2066; x_wconf 88' lang='lat' dir='ltr'>vincula</span> <span class='ocrx_word' id='word_1_114' title='bbox 1064 2026 1233 2082; x_wconf 87' lang='lat' dir='ltr'>portet</span> <span class='ocrx_word' id='word_1_115' title='bbox 1254 2019 1436 2078; x_wconf 92' lang='lat' dir='ltr'>Amor,</span> 
     </span>
     <span class='ocr_line' id='line_1_21' title="bbox 226 2106 1709 2176; baseline 0.001 -22"><span class='ocrx_word' id='word_1_116' title='bbox 226 2106 447 2166; x_wconf 86' lang='lat' dir='ltr'>vincula,</span> <span class='ocrx_word' id='word_1_117' title='bbox 480 2121 612 2169; x_wconf 84' lang='lat' dir='ltr'>quae</span> <span class='ocrx_word' id='word_1_118' title='bbox 638 2114 879 2155; x_wconf 85' lang='lat' dir='ltr'>maneant</span> <span class='ocrx_word' id='word_1_119' title='bbox 903 2121 1121 2169; x_wconf 89' lang='lat' dir='ltr'>semper,</span> <span class='ocrx_word' id='word_1_120' title='bbox 1152 2107 1276 2176; x_wconf 86' lang='lat' dir='ltr'>dum</span> <span class='ocrx_word' id='word_1_121' title='bbox 1300 2107 1446 2154; x_wconf 82' lang='lat' dir='ltr'>tarda</span> <span class='ocrx_word' id='word_1_122' title='bbox 1470 2114 1709 2155; x_wconf 84' lang='lat' dir='ltr'>senectus</span> 
     </span>
     <span class='ocr_line' id='line_1_22' title="bbox 123 2194 1230 2257; baseline 0 -14"><span class='ocrx_word' id='word_1_123' title='bbox 123 2203 185 2243; x_wconf 83' lang='lat'>20</span> <span class='ocrx_word' id='word_1_124' title='bbox 298 2195 510 2243; x_wconf 85' lang='lat' dir='ltr'>inducat</span> <span class='ocrx_word' id='word_1_125' title='bbox 536 2210 689 2256; x_wconf 86' lang='lat' dir='ltr'>rugas</span> <span class='ocrx_word' id='word_1_126' title='bbox 716 2194 1011 2257; x_wconf 86' lang='lat' dir='ltr'>inficiatque</span> <span class='ocrx_word' id='word_1_127' title='bbox 1037 2209 1230 2243; x_wconf 78' lang='lat' dir='ltr'>comaS.</span> 
     </span>
     <span class='ocr_line' id='line_1_23' title="bbox 225 2283 1473 2346; baseline 0.002 -16"><span class='ocrx_word' id='word_1_128' title='bbox 225 2283 308 2331; x_wconf 87' lang='lat' dir='ltr'>hic</span> <span class='ocrx_word' id='word_1_129' title='bbox 334 2283 503 2331; x_wconf 85' lang='lat' dir='ltr'>veniat</span> <span class='ocrx_word' id='word_1_130' title='bbox 530 2283 713 2331; x_wconf 86' lang='lat' dir='ltr'>natalis</span> <span class='ocrx_word' id='word_1_131' title='bbox 742 2284 848 2330; x_wconf 86' lang='lat' dir='ltr'>avis</span> <span class='ocrx_word' id='word_1_132' title='bbox 876 2283 1176 2346; x_wconf 87' lang='lat' dir='ltr'>prolemque</span> <span class='ocrx_word' id='word_1_133' title='bbox 1201 2284 1473 2345; x_wconf 85' lang='lat' dir='ltr'>ministret,</span> 
     </span>
     <span class='ocr_line' id='line_1_24' title="bbox 297 2370 1400 2434; baseline 0.002 -16"><span class='ocrx_word' id='word_1_134' title='bbox 297 2370 440 2418; x_wconf 87' lang='lat' dir='ltr'>ludat</span> <span class='ocrx_word' id='word_1_135' title='bbox 465 2378 516 2419; x_wconf 88' lang='lat' dir='ltr'>et</span> <span class='ocrx_word' id='word_1_136' title='bbox 539 2380 659 2419; x_wconf 85' lang='lat' dir='ltr'>ante</span> <span class='ocrx_word' id='word_1_137' title='bbox 684 2379 798 2418; x_wconf 87' lang='lat' dir='ltr'>tuos</span> <span class='ocrx_word' id='word_1_138' title='bbox 826 2371 976 2418; x_wconf 89' lang='lat' dir='ltr'>turba</span> <span class='ocrx_word' id='word_1_139' title='bbox 1000 2371 1202 2420; x_wconf 87' lang='lat' dir='ltr'>novella</span> <span class='ocrx_word' id='word_1_140' title='bbox 1228 2372 1400 2434; x_wconf 83' lang='lat' dir='ltr'>pedeS.</span> 
     </span>
    </p>
   </div>
   <div class='ocr_carea' id='block_1_4' title="bbox 814 2539 1131 2548">
    <p class='ocr_par' dir='ltr' id='par_1_4' title="bbox 814 2539 1131 2548">
     <span class='ocr_line' id='line_1_25' title="bbox 814 2539 1131 2548; baseline 0 452"><span class='ocrx_word' id='word_1_141' title='bbox 814 2539 1131 2548; x_wconf 95' lang='lat' dir='ltr'> </span> 
     </span>
    </p>
   </div>
  </div>
 </body>
</html>
