1942 3000
839 124 1013 162 uana
1046 124 1109 163 11.
1618 121 1721 172 1253

298 289 532 344 portatur
557 282 737 330 validis
763 281 903 331 mille
929 282 1172 331 columna
1196 281 1348 344 iugis,

110 377 177 417 45
222 369 420 417 claudit
445 379 494 418 et
518 371 825 419 indomitum
847 370 1013 418 moles
1039 385 1196 429 mare,
1228 372 1400 419 lentus
1425 376 1484 418 ut
1505 350 1641 419 intra

297 459 539 522 neglegat
562 459 804 508 hibernas
830 458 986 521 piscis
1012 459 1192 508 adesse
1215 458 1397 508 minas.

221 555 278 594 at
302 548 396 595 tibi
423 549 556 596 laeta
582 548 788 596 trahant
813 547 1016 597 Samiae
1042 547 1275 596 convivia
1299 555 1463 596 testae

298 636 519 698 fictaque
545 635 778 685 Cumana
803 636 1003 684 lubrica
1028 643 1165 684 terra
1190 644 1320 684 rota.

223 723 328 771 heu
353 724 453 773 heu
479 724 717 774 divitibus
742 724 889 772 video
917 724 1140 786 gaudere
1165 724 1391 787 puellas:

114 819 178 859 50
296 811 396 860 iam
422 813 630 861 veniant
654 813 890 877 praedae,
922 812 964 860 si
990 813 1166 860 Venus
1197 819 1340 874 optat
1364 824 1519 875 opes;

224 908 284 949 ut
308 915 422 951 mea
445 903 652 951 luxuria
675 902 904 951 Nemesis
932 902 1058 949 fluat
1084 908 1241 964 utque
1267 916 1359 964 per
1384 902 1562 950 urbem

298 990 504 1039 incedat
531 991 678 1039 donis
706 991 1077 1054 conspicienda
1101 990 1246 1038 meis,

222 1078 317 1127 illa
342 1087 487 1142 gerat
510 1088 676 1129 vestes
703 1087 902 1139 tenues,
937 1094 1066 1142 quas
1091 1079 1283 1128 femina
1310 1078 1421 1128 Coa

297 1168 477 1227 texuit,
509 1175 714 1217 auratas
741 1169 1096 1232 disposuitque
1121 1168 1257 1216 vias:

119 1264 183 1304 55
225 1256 305 1304 illi
331 1256 435 1304 sint
460 1257 670 1306 comites
697 1257 848 1317 fusci,
883 1271 1016 1319 quos
1041 1257 1189 1306 India
1213 1263 1389 1314 torret,

299 1345 435 1394 Solis
464 1353 513 1394 et
538 1345 758 1393 admotis
783 1346 947 1394 inficit
970 1345 1108 1407 ignis
1136 1345 1310 1407 equis:

225 1434 306 1482 illi
330 1435 550 1483 selectos
578 1442 773 1483 certent
799 1435 1046 1498 praebere
1072 1435 1271 1482 colores

298 1523 481 1572 Africa
507 1523 784 1587 puniceum
811 1538 1231 1587 purpureumque
1256 1525 1439 1586 Tyros.

229 1797 354 1838 nota
378 1790 592 1852 loquor:
645 1804 862 1852 regnum
887 1789 983 1838 iste
1009 1796 1165 1850 tenet,
1198 1804 1351 1853 quem
1377 1803 1533 1853 saepe
1560 1788 1730 1851 coegit

123 1887 186 1927 60
300 1879 519 1927 barbara
544 1886 786 1942 gypsatos
814 1880 949 1928 ferre
973 1887 1170 1928 catasta
1196 1880 1368 1942 pedes.

229 1974 283 2014 at
307 1966 400 2015 tibi
427 1967 554 2015 dura
580 1982 746 2031 segeS,
778 1969 1037 2017 Nemesim
1062 1969 1151 2032 qui
1177 1968 1391 2017 abducis
1417 1969 1482 2017 ab
1508 1969 1652 2027 urbe,

299 2056 561 2118 persolvat
582 2056 730 2105 nulla
754 2057 955 2105 semina
980 2064 1122 2106 certa
1146 2057 1262 2105 fide.

230 2150 280 2191 et
306 2150 380 2203 tu,
412 2145 616 2193 Bacche
640 2153 798 2205 tener,
829 2145 1087 2194 iucundae
1113 2145 1343 2193 consitor
1370 2159 1513 2205 uvae,

305 2240 363 2280 tu
389 2248 598 2297 quoque
622 2234 852 2295 devotos,
883 2235 1106 2294 Bacche,
1138 2234 1375 2297 relinque
1399 2235 1560 2282 lacus.

127 2329 188 2370 65
231 2321 365 2369 haud
391 2322 588 2385 inpune
612 2322 732 2371 licet
756 2323 1010 2371 formosas
1039 2323 1271 2371 tristibus
1298 2323 1434 2385 agris

303 2410 517 2459 abdere:
562 2425 668 2459 nou
693 2411 822 2459 tanti
847 2419 969 2460 sunt
995 2420 1085 2460 tua
1110 2419 1295 2471 musta,
1326 2419 1489 2475 pater.

235 2514 265 2547 o
292 2500 496 2548 valeant
520 2499 714 2561 frugeS,
746 2514 812 2548 ne
838 2500 940 2548 sint
966 2500 1121 2549 modo
1148 2513 1266 2548 rure
1293 2500 1523 2562 puellae:

300 2587 450 2651 glans
477 2588 599 2647 alat,
633 2595 685 2636 et
709 2587 880 2651 prisco
907 2602 1050 2636 more
1076 2589 1318 2636 bibantur
1341 2601 1524 2650 aquae.
