1942 3000
163 682 225 723 20

161 1120 225 1161 25

163 1562 225 1604 30

160 2003 223 2046 35

155 2443 218 2484 40

269 158 372 208 180
891 160 1134 200 ‘mmmm

266 320 349 368 hic
375 332 582 381 quoque
608 318 673 365 sit
697 325 869 380 gratus
895 332 1081 381 parvus
1109 318 1273 376 labor,
1310 323 1363 364 ut
1387 317 1480 364 tibi
1505 316 1700 380 possim

266 407 387 456 inde
412 407 541 454 alios
569 405 800 468 aliosque
826 420 1022 453 memor
1048 420 1341 467 conponere
1366 419 1556 454 versus.

339 497 470 544 alter
494 495 629 543 dicat
657 509 783 557 opus
812 494 986 555 magni
1011 494 1242 541 mirabile
1276 493 1469 552 mundi,

269 584 435 648 qualis
462 584 517 631 in
542 584 777 631 inmenso
803 581 1056 630 desederit
1080 596 1198 630 aere
1224 582 1396 640 tellus,

267 672 435 736 qualis
463 672 590 720 etin
618 686 826 719 curvum
850 678 1037 733 pontus
1065 670 1371 719 confluxerit
1395 672 1586 729 orbem,

267 768 316 809 et
340 775 515 822 vaguS,
549 773 575 808 e
601 760 745 808 terris
773 774 874 821 qua
899 773 1111 821 surgere
1137 758 1332 819 nititur,
1365 773 1467 818 aer,

266 849 385 897 huic
411 856 461 896 et
486 855 754 896 contextus
782 846 973 910 passim
1000 846 1127 895 fluat
1152 847 1332 909 igneus
1359 847 1549 906 aether,

264 937 613 1001 pendentique
637 951 791 998 super
816 935 1119 984 claudantur
1145 944 1202 983 ut
1227 935 1399 983 omnia
1426 934 1599 983 caelo:

266 1031 321 1073 at
346 1024 708 1087 quodcumque
734 1038 878 1072 meae
904 1031 1146 1086 poterunt
1172 1024 1358 1072 audere
1384 1036 1641 1084 camenae,

266 1127 358 1162 seu
382 1112 476 1160 tibi
501 1127 596 1175 par
620 1120 862 1175 poterunt
886 1126 996 1172 seu,
1030 1112 1168 1175 quod
1195 1126 1310 1175 spes
1336 1111 1535 1172 abnuit,
1566 1112 1699 1160 ultra

265 1201 370 1249 sive
395 1200 564 1248 minus
594 1199 856 1263 (certeque
883 1209 1070 1248 canent
1093 1198 1309 1263 minus),
1341 1214 1493 1248 omne
1517 1214 1755 1249 vovemus

265 1289 364 1338 hoc
388 1288 497 1348 tibi,
530 1303 626 1337 nec
652 1296 797 1336 tanto
824 1297 996 1337 careat
1020 1288 1143 1337 mihi
1170 1288 1392 1336 carmine
1418 1288 1610 1336 charta.

266 1392 404 1436 nam,
425 1392 738 1440 quamquam
749 1377 993 1439 antiquae
1007 1376 1174 1440 gentis
1189 1383 1434 1439 superant
1444 1376 1538 1425 tibi
1552 1377 1750 1437 laudes,

265 1480 373 1514 non
398 1473 487 1514 tua
509 1465 764 1514 maiorum
789 1474 1032 1516 contenta
1057 1473 1134 1515 est
1157 1465 1324 1528 gloria
1349 1463 1503 1526 fama,

266 1568 362 1603 nec
389 1554 592 1617 quaeris
619 1555 744 1617 quid
769 1569 976 1618 quaque
1000 1555 1156 1603 index
1179 1555 1275 1603 sub
1298 1554 1526 1616 imagine
1551 1554 1705 1614 dicat,

265 1642 354 1690 sed
381 1643 580 1705 generis
608 1643 805 1706 priscos
832 1644 1099 1692 contendis
1125 1644 1327 1692 vincere
1352 1643 1593 1703 honorem

266 1745 422 1794 quam
446 1732 540 1780 tibi
566 1732 784 1780 maiores
811 1731 976 1780 maius
1004 1732 1157 1780 decus
1183 1732 1295 1795 ipse
1318 1732 1528 1780 futuris:

265 1827 318 1867 at
341 1826 430 1868 tua
455 1834 559 1868 non
586 1820 761 1868 titulus
789 1820 958 1883 capiet
982 1821 1076 1869 sub
1103 1820 1311 1868 nomine
1336 1821 1490 1880 facta,

264 1916 473 1956 aeterno
499 1908 587 1956 sed
614 1916 763 1956 erunt
787 1908 878 1956 tibi
904 1922 1095 1971 magna
1120 1907 1381 1957 volumina
1406 1922 1572 1968 versu,

266 1997 675 2059 convenientque
699 2005 813 2044 tuas
840 1996 1013 2059 cupidi
1041 2011 1335 2059 conponere
1365 1997 1542 2047 laudes

264 2085 491 2147 undique
517 2085 710 2147 quique
736 2092 923 2133 canent
946 2085 1118 2134 vincto
1145 2085 1273 2147 pede
1299 2085 1493 2148 quique
1523 2086 1713 2135 soluto,

264 2172 377 2235 quis
407 2172 589 2235 potior,
622 2181 878 2222 certamen
906 2173 1023 2222 erit:
1066 2173 1164 2221 sim
1188 2173 1428 2221 victorin
1458 2174 1579 2234 illis,

260 2267 319 2308 ut
343 2268 573 2309 nostrum
597 2262 753 2312 tantis
778 2262 1056 2310 inscribam
1081 2275 1266 2310 nomen
1295 2261 1349 2309 in
1374 2262 1522 2311 actis.

334 2363 452 2396 nam
476 2350 590 2412 quis
617 2358 667 2399 te
693 2352 886 2400 maiora
912 2351 1040 2412 gerit
1064 2349 1304 2398 casn-isve
1330 2351 1539 2399 forove?

259 2450 356 2484 nec
380 2445 551 2486 tamen
579 2439 661 2487 hic
687 2448 776 2487 aut
801 2440 883 2487 hic
908 2439 998 2487 tibi
1024 2439 1135 2487 laus
1161 2438 1382 2487 maiorve
1409 2439 1653 2500 minorve,

257 2524 393 2572 iusta
416 2527 526 2589 pari
551 2529 796 2589 premitur
818 2527 972 2576 veluti
999 2541 1116 2575 cum
1140 2526 1370 2588 pondere
1394 2528 1544 2589 libra,

259 2627 424 2675 prona
451 2629 545 2663 nec
570 2616 667 2664 hac
693 2617 809 2679 plus
837 2624 981 2679 parte
1008 2615 1150 2664 sedet
1176 2628 1271 2663 nec
1296 2616 1461 2679 surgit
1485 2618 1550 2666 ab
1576 2617 1684 2678 illa,
