1942 3000
777 208 952 246 tunm
983 208 1043 245 v.
1464 163 1469 168 Φ
1558 204 1663 255 369

865 469 957 517 ΧΙ.

163 629 377 688 Desine,
410 628 606 688 Paulle,
639 642 809 677 meum
835 627 1060 677 lacrimis
1087 642 1267 690 urgere
1294 628 1612 690 sepulcrum:

237 716 478 779 panditur
502 717 567 764 ad
594 716 763 764 nullas
790 716 948 765 ianua
974 716 1122 777 nigra
1147 730 1340 778 preceS.

168 819 285 853 cum
312 791 726 853 semel‘infernas
753 804 1011 851 intrarunt
1035 803 1220 852 funera
1245 804 1403 865 leges,

237 907 347 960 non
375 901 584 941 exorato
615 900 753 941 stant
776 892 1049 940 adamante
1075 892 1202 940 viae,

94 992 122 1029 5
166 989 216 1030 te
241 981 365 1029 licet
390 989 622 1029 orantem
647 980 823 1029 fuscae
849 981 974 1029 deus
1001 980 1176 1029 audiat
1199 980 1373 1029 aulae:

238 1082 425 1130 nempe
451 1077 565 1117 tuas
592 1069 829 1117 lacrimas
860 1069 1014 1117 litora
1039 1069 1193 1117 surda
1221 1069 1411 1118 bibent.

168 1164 288 1204 vota
312 1164 521 1204 movent
545 1171 787 1219 superos:
834 1156 919 1205 ubi
945 1157 1167 1219 portitor
1191 1170 1311 1205 aera
1336 1157 1544 1220 recepit,

241 1246 448 1292 obserat
472 1244 718 1292 herbosos
747 1244 913 1293 lurida
938 1251 1089 1306 porta
1113 1258 1285 1306 rogos·

169 1333 242 1383 sic
266 1341 493 1381 maestae
523 1333 755 1381 cecinere
781 1333 954 1392 tubae,
988 1347 1105 1380 cum
1131 1332 1334 1381 subdita
1368 1340 1599 1382 nostrum

65 1434 85 1472 1
100 1433 125 1472 0
242 1422 532 1471 detraheret
557 1422 691 1470 lecto
718 1421 807 1470 fax
832 1421 1042 1469 inimica
1067 1429 1238 1484 caput.

174 1512 301 1576 quid
327 1511 452 1559 mihi
478 1511 779 1573 coniugium
804 1511 993 1570 Paulli,
1025 1511 1148 1573 quid
1177 1525 1354 1558 currus
1380 1525 1592 1558 avorum

244 1599 440 1662 profuit
464 1607 553 1646 aut
577 1600 745 1647 famae
770 1598 993 1661 pignora
1016 1606 1162 1646 tanta
1185 1598 1364 1646 meae?

174 1703 298 1736 num
323 1688 493 1736 minus
519 1688 723 1735 inmites
750 1687 908 1736 habui
936 1685 1180 1735 Cornelia
1206 1685 1423 1749 parcas?

246 1791 310 1824 en
338 1790 453 1823 sum
480 1776 618 1838 quod
645 1775 817 1837 digitis
846 1775 1077 1837 quinque
1103 1775 1296 1823 levatur
1324 1788 1474 1823 onus.

25 1856 26 1903 ¹
69 1874 88 1912 1
106 1874 130 1912 5
173 1864 445 1912 damnatae
472 1870 667 1922 nocteS,
709 1871 758 1911 et
783 1879 872 1913 vos
899 1864 1032 1911 vada
1056 1864 1197 1911 lenta
1221 1861 1453 1924 paludeS,

245 1958 296 1999 et
320 1965 676 2013 quaecumque
703 1965 844 1999 meos
871 1951 1089 2014 inplicat
1117 1950 1251 1999 unda
1278 1950 1452 2012 pedeS,

171 2041 427 2088 inmatura
452 2039 590 2098 licet,
621 2046 793 2087 tamen
822 2039 922 2087 huc
946 2054 1055 2087 non
1083 2039 1242 2086 noxia
1265 2038 1408 2086 veni:

245 2129 330 2176 det
355 2134 502 2190 pater
526 2126 609 2175 hic
634 2127 844 2174 umbrae
870 2127 1050 2174 mollia
1074 2127 1187 2174 iura
1213 2124 1372 2174 meae.

171 2225 264 2265 aut
290 2215 447 2278 siquis
476 2215 645 2278 posita
671 2214 826 2262 iudex
852 2214 994 2262 sedet
1018 2213 1221 2262 Aeacus
1248 2228 1394 2272 urna,

68 2313 130 2353 ⁴20
245 2304 300 2351 in
327 2317 443 2351 mea
468 2303 647 2351 sortita
672 2301 894 2349 vindicet
920 2316 1039 2350 ossa
1063 2302 1194 2364 pila:

173 2392 445 2441 adsideant
468 2391 670 2449 fratres,
708 2392 852 2439 iuxta
878 2397 928 2442 et
950 2390 1185 2439 Minoida
1211 2390 1391 2441 sellam

249 2481 575 2530 eumenidum
601 2482 801 2530 intento
829 2481 980 2529 turba
1005 2493 1179 2527 severa
1204 2477 1335 2525 foro,

176 2568 412 2631 Sisyphe,
444 2570 581 2617 mole
607 2584 774 2625 vaces,
807 2574 1015 2616 taceant
1038 2565 1237 2615 Ixionis
1265 2567 1434 2624 orbe8‚

246 2657 411 2705 fallax
434 2658 689 2706 Tantaleo
717 2656 976 2720 corripere
1002 2669 1089 2704 ore
1114 2654 1305 2717 liquor,

181 2761 352 2804 propert.
400 2759 460 2795 ed.
481 2760 524 2795 11.
1292 2766 1352 2806 24
