1942 3000
823 168 1000 205 mmm
1032 169 1091 205 v.
1577 168 1683 218 339

305 325 404 372 heu
430 324 526 372 sibi
551 325 796 387 prolapso
824 339 930 374 non
960 325 1093 373 bene
1117 326 1253 374 eavit
1278 340 1439 389 equo:

149 422 207 461 95
238 412 417 462 Gallus
443 420 513 471 at,
543 413 597 461 in
626 413 807 461 eastris
825 413 953 461 ,dum
980 414 1173 462 credita.
1196 415 1347 477 signa
1370 423 1558 475 tuetur,

305 500 532 549 concidit
556 507 675 548 ante
699 500 905 562 aquilae
930 508 1096 549 rostra
1123 508 1334 551 eruenta
1358 516 1499 552 suae.

234 588 413 637 fatales
439 589 603 651 pueri,
634 588 737 637 duo
764 588 947 636 funera
970 589 1151 636 matris
1180 604 1380 638 avarae.

301 691 436 736 vera,
470 677 556 724 sed
581 675 740 723 invito
770 675 989 738 contigit
1011 677 1111 725 ista
1136 677 1278 725 fides.

231 764 363 811 idem
390 778 505 825 eg0,
539 778 655 811 cum
682 762 900 811 Cinarae
925 764 1146 811 traheret
1169 763 1372 812 Lucina
1398 765 1600 814 dolores

112 859 202 900 100
301 861 350 899 et
375 851 604 899 facerent
629 851 759 899 uteri
785 851 1019 912 pondera
1043 852 1186 900 lenta
1209 866 1424 912 moram,

229 939 470 988 ‘Iunonis
498 947 671 987 votum
697 939 851 989 facite
878 940 1210 1002 inpetrabile'
1235 940 1368 988 dixi:

299 1029 391 1076 illa
416 1027 566 1090 parit,
600 1028 747 1076 libris
775 1036 852 1076 est
877 1029 999 1076 data
1024 1030 1199 1092 palma
1221 1029 1366 1077 meis,

228 1118 328 1166 hoc
354 1131 523 1179 neque
548 1132 820 1166 arenosum
832 1105 1174 1179 LibyaeIoris
1201 1119 1426 1180 explicat
1448 1127 1670 1181 antrum,

300 1213 389 1253 aut
411 1205 509 1253 sibi
536 1206 836 1254 commissos
864 1206 991 1254 fibra
1016 1207 1192 1255 locuta
1217 1207 1358 1266 dem,

105 1302 199 1342 105
229 1304 317 1340 aut
345 1293 505 1355 siquis
531 1302 697 1342 motas
726 1294 945 1343 cornicis
974 1295 1191 1343 senserit
1215 1295 1342 1353 alas,

299 1381 540 1429 umbrave
566 1395 698 1443 quae
723 1382 936 1443 magieis
961 1389 1166 1430 mortua
1190 1383 1359 1444 prodit
1381 1384 1554 1445 aquis:

227 1468 558 1533 adspicienda
582 1470 664 1517 via
690 1477 767 1518 est
792 1470 920 1519 caeli
947 1484 1200 1534 verusque
1225 1484 1317 1534 per
1341 1479 1479 1520 astra

298 1565 504 1617 trames,
535 1564 586 1605 et
610 1557 675 1605 ab
702 1558 845 1605 zonis
872 1558 1103 1620 quinque
1128 1559 1349 1621 petenda
1374 1559 1516 1607 fides.

227 1646 519 1708 exemplum
533 1659 685 1708 grave
702 1645 798 1692 erit
812 1644 1058 1694 Calchas:
1090 1660 1312 1708 namque
1322 1646 1513 1695 Aulide
1525 1648 1679 1696 solvit

98 1743 118 1784 1
135 1742 195 1782 ιο
295 1734 385 1782 ille
411 1733 544 1781 bene
566 1733 838 1780 haerentes
863 1732 926 1779 ad
953 1732 1041 1794 pia
1066 1746 1193 1780 saxa
1223 1739 1375 1792 rates,

223 1823 360 1870 idem
383 1821 828 1884 Agamemnoniae
852 1820 1044 1869 ferrum
1075 1819 1268 1868 eei-viee
1294 1820 1497 1882 puellae

197 1948 206 1955 ,
295 1911 466 1970 tinxit,
499 1919 548 1959 et
569 1910 778 1958 Atrides
804 1910 919 1957 vela
945 1915 1161 1956 eruenta
1186 1907 1348 1956 dedit:

225 2013 323 2047 nec
348 1998 543 2046 rediere
567 2006 739 2046 tamen
763 1997 953 2045 Danai.
1032 2003 1088 2043 tu
1115 1996 1282 2044 diruta
1310 1995 1485 2044 fletum

295 2087 556 2149 supprime
583 2093 633 2133 et
654 2085 914 2134 Euboicos
941 2085 1157 2147 respice,
1189 2084 1362 2143 Troia,
1394 2084 1556 2132 sinus.

93 2184 110 2223 1
135 2185 192 2224 ¹5
222 2174 475 2237 Nauplius
502 2175 694 2222 ultores
722 2174 815 2220 sub
842 2180 1048 2221 noctem
1071 2170 1290 2234 porrigit
1313 2172 1478 2233 igneS,

299 2270 350 2311 et
374 2270 519 2310 natat
544 2261 737 2310 exuviis
767 2259 986 2309 Graecia
1008 2273 1189 2322 pressa
1212 2259 1336 2323 suis.

223 2352 390 2400 vietor
416 2348 637 2408 Oiliade,
668 2362 793 2411 rape
818 2362 954 2396 nune
982 2355 1033 2395 et
1056 2346 1213 2409 dilige
1237 2355 1403 2396 vatem

296 2452 452 2501 quam
476 2444 612 2485 vetat
637 2436 786 2484 avelli
812 2442 951 2484 veste
974 2434 1210 2483 Minerva
1233 2449 1343 2483 sua.

222 2528 473 2575 hactenus
498 2524 769 2573 historiae:
814 2539 951 2572 nune
978 2524 1042 2572 ad
1068 2533 1160 2571 tua
1185 2523 1403 2571 devehar
1427 2531 1595 2571 astra:

87 2625 107 2666 1
124 2623 188 2664 20
295 2614 467 2677 incipe
491 2621 546 2660 tu
572 2611 796 2661 lacrimis
822 2627 1018 2675 aequus
1044 2612 1223 2660 adesse
1249 2611 1411 2660 novis,

1279 2720 1372 2767 22*
