1942 3000
267 127 375 177 220
857 119 1183 168 PROPERTH

271 300 367 335 nec
392 287 559 335 minus
589 288 696 335 eois
723 295 901 349 pectus
928 286 1123 333 variare
1148 286 1359 348 lapillis,

341 390 404 423 ac
428 374 657 423 formosa
682 387 819 423 novo
847 388 982 437 quae
1007 380 1155 436 parat
1178 374 1253 421 ire
1278 374 1404 422 viro.

272 471 325 512 at
349 479 456 511 non
482 463 556 511 sic
581 464 743 511 Ithaci
769 464 1002 526 digressu
1027 470 1167 510 mota
1194 460 1423 526 Calypso

171 560 229 601 10
341 552 550 601 desertis
578 553 703 600 olim
728 552 936 599 fleverat
960 552 1301 613 aequoribus:

270 641 460 688 multos
483 640 575 688 illa
600 641 705 689 dies
731 640 1007 702 incomptis
1033 647 1229 686 maesta
1255 639 1452 701 capillis

342 730 542 777 sederat
564 729 755 777 iniusto
782 730 944 776 multa
969 729 1144 777 locuta
1171 730 1301 787 salo,

273 824 339 878 et,
371 819 599 880 quamvis
628 833 909 881 numquam
934 826 1053 880 post
1078 818 1204 866 haec
1229 808 1417 877 visura,
1456 817 1666 867 dolebat

340 906 434 954 illa
459 913 629 953 tamen
654 908 842 968 longae
868 906 1077 954 conscia
1102 906 1346 953 laetitiae.

174 1001 228 1041 17
271 1007 368 1041 nec
395 993 471 1040 sic
497 993 795 1041 Aesoniden
821 993 1139 1055 rapientibus
1167 993 1325 1040 anxia
1348 994 1512 1041 ventis

343 1081 629 1144 Hypsipyle
652 1095 814 1128 vacuo
843 1081 1073 1129 constitit
1097 1081 1152 1128 in
1177 1080 1437 1129 thalamo:

273 1169 554 1232 Hypsipyle
579 1169 750 1216 nullos
777 1176 896 1231 post
919 1169 1039 1217 illos
1065 1169 1228 1217 sensit
1251 1182 1468 1229 amores,

171 1265 233 1307 20
344 1265 401 1305 ut
427 1258 583 1305 semel
611 1256 901 1305 Haemonio
927 1257 1091 1304 tabuit
1117 1257 1362 1319 hospiti0.

276 1345 511 1407 coniugis
537 1344 750 1392 Euadne
775 1345 990 1393 miseros
1017 1346 1191 1393 ablata
1217 1359 1308 1407 per
1331 1345 1476 1407 ignes

348 1433 552 1493 occidit,
582 1433 806 1495 Argivae
831 1434 969 1480 fama
996 1433 1290 1496 pudicitiae.

176 1531 234 1573 15
274 1523 625 1586 Alphesiboea
653 1537 773 1570 suos
800 1523 909 1570 ulta
935 1530 1011 1570 est
1036 1537 1129 1586 pro
1158 1523 1378 1585 coniuge
1403 1522 1603 1583 fratreS‚

346 1610 610 1672 sanguinis
640 1617 689 1657 et
713 1610 817 1658 cari
843 1610 1051 1658 vincula
1075 1610 1216 1673 rupit
1239 1624 1400 1658 amor.

172 1708 231 1749 23
275 1715 492 1763 quarum
518 1700 663 1747 nulla
690 1706 805 1746 tuos
836 1701 1004 1761 potuit
1032 1706 1327 1747 convertere
1352 1713 1538 1758 mores,

343 1796 398 1836 tu
426 1802 632 1850 quoque
660 1788 730 1835 uti
758 1789 904 1836 fieres
933 1788 1122 1835 nobilis
1148 1788 1380 1836 historia.

171 1883 230 1924 25
274 1876 451 1924 desine
476 1877 579 1924 iam
606 1890 845 1924 revocare
871 1876 971 1924 tuis
998 1876 1223 1939 periuria
1248 1876 1432 1936 verbi8‚

344 1964 582 2027 Cynthia,
615 1972 664 2012 et-
690 1965 877 2012 oblitos
904 1979 1059 2027 parce
1086 1979 1290 2012 movere
1317 1964 1456 2023 deOS,

271 2053 440 2101 audax
466 2054 532 2101 ah
559 2053 775 2103 nimium
801 2061 979 2101 nostro
1007 2053 1229 2101 dolitura
1253 2052 1465 2115 pericle,

342 2141 513 2202 siquid
540 2140 671 2188 forte
697 2141 790 2189 tibi
818 2141 993 2189 durius
1020 2141 1273 2189 inciderit.

269 2236 411 2276 muta
435 2228 575 2290 prius
604 2236 746 2277 vasto
773 2230 1010 2277 labentur
1035 2229 1248 2276 flumina
1274 2236 1454 2291 pont0,

168 2324 228 2365 30
342 2332 507 2365 annus
535 2325 585 2365 et
608 2318 834 2366 inversas
861 2318 1065 2365 duxerit
1090 2325 1209 2365 ante
1232 2318 1387 2377 vices,

270 2420 426 2467 quam
450 2412 538 2452 tua
564 2406 658 2453 sub
686 2412 863 2453 nostro
890 2413 1114 2459 mutetur
1139 2412 1346 2468 pectore
1373 2420 1492 2453 cura
1514 2423 1524 2453 ε

339 2493 409 2541 sis
437 2493 797 2555 quodcumque
822 2495 982 2553 voleS,
1016 2508 1125 2541 non
1151 2494 1323 2541 aliena
1348 2502 1537 2544 tamen.

269 2596 389 2629 nam
413 2582 536 2629 mihi
564 2595 629 2630 ne
654 2582 777 2630 viles
803 2582 888 2631 isti
912 2582 1180 2630 videantur
1204 2583 1357 2631 ocelli
