1942 3000
270 156 375 205 268
861 156 1183 195 PROPERTH

269 330 424 378 quam
451 329 568 362 care
592 314 750 362 semel
776 314 830 361 in
856 321 966 361 toto
997 327 1104 362 nox
1129 313 1341 361 vertitur
1366 313 1536 360 anno!

339 404 405 451 ah
432 410 660 466 pereant,
694 403 871 465 siquos
896 403 1056 450 ianua
1082 403 1260 449 clausa
1283 402 1450 449 iuvat!

269 500 467 551 contra,
502 491 690 540 reiecto
718 506 850 554 quae
876 492 1040 539 libera
1066 491 1204 538 vadit
1225 491 1431 547 amictu,

340 580 608 628 custodum
634 588 684 629 et
708 581 855 628 nullo
882 587 1061 642 saepta
1086 579 1282 638 timore,
1315 579 1502 641 placet,

164 676 225 716 15
269 669 351 717 cui
378 683 532 731 saepe
555 669 804 718 inmundo
831 684 979 716 saera
1006 667 1289 716 conteritur
1312 667 1393 714 via
1420 680 1592 725 soem,

340 771 434 805 nec
461 757 584 805 sinit
610 772 720 805 esse
744 772 960 817 moram,
995 757 1157 819 siquis
1185 756 1326 804 adire
1351 755 1489 802 velit.
1909 787 1911 848 ι

267 846 466 894 differet
490 846 618 893 haee
644 859 952 907 numquam,
988 858 1084 892 nec
1112 851 1292 906 poscet
1317 844 1524 906 garrula
1550 841 1690 904 quod
1717 847 1769 889 te

338 935 610 982 adstrictus
637 934 807 995 ploret
833 946 989 994 saepe
1015 932 1217 981 dedisse
1242 940 1404 995 pater,

266 1037 363 1072 nee
389 1023 523 1070 dicet
545 1023 747 1068 ‘timeoz
791 1035 1014 1083 propera
1037 1020 1141 1068 iam
1168 1035 1394 1083 surgere,
1430 1033 1652 1082 quaeso:

160 1119 223 1160 20
335 1111 535 1169 infelix,
567 1109 719 1156 hodie
744 1108 819 1155 vir
842 1108 968 1155 mihi
995 1123 1114 1156 rure
1140 1110 1323 1157 venit.’

263 1206 313 1247 et
339 1212 465 1260 quas
491 1197 779 1259 Euphrates
808 1204 858 1244 et
884 1212 1013 1259 quas
1041 1197 1164 1245 mihi
1190 1198 1328 1246 misit
1354 1196 1600 1256 Orontes,

332 1300 415 1333 me
440 1285 655 1332 inerint:
700 1286 865 1333 nolim
891 1286 1032 1333 furta
1057 1286 1243 1349 pudica
1270 1286 1398 1346 tori3

262 1375 471 1423 libertas
500 1374 746 1435 quoniam
774 1374 902 1421 nulli
928 1358 1032 1422 iam
1058 1381 1218 1422 restat
1242 1374 1451 1422 amanti.

333 1462 505 1510 nullus
533 1462 665 1510 liber
692 1462 805 1522 erit,
840 1462 1002 1525 siquis
1030 1477 1203 1512 amare
1232 1464 1384 1512 volet.

902 1831 1125 1880 XXIIII.

262 1992 372 2039 ‘Tu
399 1991 644 2052 loqueriS‚
677 2005 792 2038 cum
820 1990 887 2039 sis
914 1990 1018 2037 iam
1043 1997 1169 2038 noto
1196 1989 1373 2038 fabula
1398 1991 1531 2039 libro

338 2086 386 2126 et
413 2088 500 2126 tua
526 2079 592 2126 sit
616 2085 725 2126 toto
753 2078 977 2140 Cynthia
1001 2079 1134 2126 lecta
1160 2079 1313 2127 foro?

266 2167 347 2215 cui
374 2181 477 2215 non
506 2167 584 2214 his
612 2168 776 2214 verbis
804 2168 1080 2230 adspergat
1103 2174 1338 2230 tempora
1361 2168 1551 2216 sudor?

336 2255 462 2302 haut
486 2256 653 2317 pudor
678 2256 936 2317 ingenuis,
968 2256 1095 2304 haut
1120 2256 1410 2304 reticendus
1437 2258 1623 2305 amor.’

196 2353 223 2391 5
266 2343 404 2406 quod
431 2343 473 2391 si
502 2352 604 2390 tam
630 2343 797 2391 facilis
826 2344 1043 2406 spiraret
1070 2341 1292 2404 Cynthia
1317 2345 1485 2404 nobis,

336 2448 443 2480 non
470 2447 566 2495 ego
594 2433 856 2495 nequitiae
881 2433 1080 2481 dicerer
1106 2447 1218 2481 esse
1244 2441 1416 2497 caput,

264 2536 361 2569 nec
386 2522 458 2568 sic
486 2536 577 2584 per
602 2529 760 2571 totam
785 2522 993 2570 infamis
1017 2523 1314 2572 traducerer
1338 2525 1533 2584 urbem,

336 2624 510 2657 urerer
536 2619 585 2665 et
611 2612 858 2673 quamvis,
893 2612 1105 2661 nomine
1131 2613 1285 2661 verba
1309 2613 1499 2661 darem.
