1942 3000
74 598 133 638 15

71 1038 132 1079 20

71 1482 134 1524 25

69 1923 132 1965 30

71 2366 134 2406 35

757 168 937 207 LIBER
968 168 1079 206 1111.
1559 167 1663 218 323

243 337 465 386 spesque
491 324 747 386 timorque
772 324 1002 371 animum
1028 331 1192 373 versat
1217 333 1438 389 utroque
1461 327 1636 377 modo.

173 414 310 475 quod
337 413 399 472 si,
427 413 650 472 Bacche,
690 413 788 461 tuis
815 427 908 475 per
930 412 1130 461 fervida
1153 421 1388 477 tempora
1412 416 1559 464 donis

243 500 520 548 accersitus
547 500 641 548 erit
665 514 875 548 somnus
903 501 959 548 in
987 515 1107 548 ossa
1139 514 1270 561 mea,

172 589 282 651 ipse
309 603 473 637 seram
502 588 628 637 vites
654 602 982 651 pangamque
1009 603 1075 637 ex
1100 588 1280 637 ordine
1306 590 1484 650 colles,

245 691 376 739 quos
404 685 617 739 carpant
644 678 819 725 nullae
831 691 926 726 ,me
950 676 1197 738 vigilante
1221 677 1375 725 ferae.

173 765 293 813 dum
318 765 471 813 modo
500 779 760 829 purpureo
787 771 1028 828 spument
1050 764 1175 811 mihi
1197 764 1345 813 >dolia
1367 773 1556 825 musto,

245 862 295 903 et
317 868 453 901 nova
476 853 756 916 pressantis
782 852 1023 914 inquinet
1047 867 1147 900 uva
1170 852 1343 915 pedeS,

175 941 314 1004 quod
340 949 576 1004 superest
599 941 751 1000 vitae,
783 955 876 1003 per
898 948 949 988 te
977 947 1026 988 et
1049 948 1140 988 tua
1166 955 1377 1002 cornua,
1409 942 1591 1003 vivam,

244 1030 545 1092 virtutisque
569 1036 706 1088 tuae,
737 1029 959 1088 Bacche,
990 1036 1145 1091 poeta
1169 1030 1321 1079 ferar.

174 1118 341 1165 dicam
367 1131 463 1180 ego
489 1126 748 1166 maternos
773 1117 1007 1165 Aetnaeo
1034 1116 1247 1166 fulmine
1271 1124 1466 1181 partus,

247 1206 426 1255 Indica
449 1206 661 1267 Nysaeis
687 1220 829 1253 arma
852 1205 1034 1267 fugata
1059 1206 1247 1266 choris,

176 1309 522 1356 vesanumque
547 1308 682 1342 nova
708 1294 1024 1355 nequiquam
1048 1293 1102 1340 in
1128 1294 1229 1342 vite
1253 1294 1566 1358 Lycurgum,

249 1383 502 1432 Pentheos
530 1382 583 1429 in
609 1381 833 1445 triplices
860 1381 1045 1429 funera
1071 1388 1217 1444 grata
1243 1396 1442 1445 gregeS,

178 1484 434 1534 curvaque
459 1469 751 1533 Tyrrhenos
778 1469 1078 1533 delphinum
1105 1484 1322 1534 corpora
1347 1479 1530 1521 nautas

245 1561 301 1608 in
326 1560 456 1608 vada
479 1558 755 1622 pampinea
781 1558 1051 1606 desiluisse
1077 1566 1202 1617 rate,

178 1657 228 1697 et
253 1649 345 1697 tibi
372 1662 464 1712 per
481 1646 706 1694 mediam
731 1647 863 1694 bene
890 1646 1085 1694 olentia
1108 1647 1321 1695 flumina
1343 1646 1547 1705 Naxon,

247 1737 384 1785 unde
408 1744 552 1784 tuum
579 1742 763 1798 potant
785 1734 952 1782 Naxia
978 1735 1128 1782 turba
1151 1748 1364 1782 merum.

178 1825 395 1874 candida
418 1825 605 1873 laxatis
634 1832 848 1872 onerato
876 1823 1015 1872 colla
1041 1822 1293 1884 corymbis

249 1914 421 1976 cinget
444 1912 743 1962 Bassaricas
769 1912 933 1973 Lydia
956 1912 1109 1959 mitra
1135 1925 1329 1971 comas,

176 2001 302 2049 levis
330 2001 543 2049 odorato
572 2001 742 2049 cervix
767 2000 1001 2047 manabit
1026 1999 1195 2061 olivo,v

250 2096 300 2137 et
325 2089 479 2137 feries
504 2088 672 2136 nudos
698 2094 837 2135 veste
861 2088 1055 2135 fluente
1081 2085 1255 2150 pedes,

175 2177 356 2226 mollia
381 2177 630 2224 Dircaeae
654 2175 934 2238 pulsabunt
959 2183 1202 2238 tympana
1225 2174 1453 2234 Thebae,

251 2265 549 2329 capripedes
577 2265 776 2312 calamo
802 2277 963 2325 panes
990 2264 1166 2312 hiante
1191 2271 1396 2323 canent,

177 2354 366 2403 vertice
390 2353 643 2415 turrigero
669 2352 814 2399 iuxta
839 2353 935 2400 dea
959 2367 1150 2415 magna
1175 2351 1380 2413 Cybebe

249 2442 430 2491 tundet
455 2442 519 2489 ad
544 2442 729 2490 Idaeos
756 2441 993 2502 cymbala
1018 2454 1175 2488 rauca
1201 2440 1406 2488 chor08.

178 2538 298 2579 ante
325 2530 461 2580 fores
487 2530 664 2593 templi
691 2537 857 2578 crater
880 2529 1123 2579 antistitis
1157 2543 1284 2577 auro

250 2620 467 2668 libatum
492 2619 712 2667 fundens
738 2618 792 2667 in
818 2626 909 2667 tua
933 2633 1081 2667 sacra
1104 2632 1318 2669 merum.

1260 2725 1353 2771 21*
