1942 3000
813 140 995 178 LmER
1025 140 1113 178 111.
1608 138 1714 189 279

285 296 549 345 vobiscum
572 296 798 359 Europe,
830 311 925 345 nec
951 298 1116 359 proba
1141 297 1411 359 Pasiphae,

210 388 238 445 †
265 393 316 433 et
342 391 470 447 quot
493 385 654 433 Troia
678 385 795 432 tulit
818 392 963 433 vetus
991 393 1042 433 et
1067 393 1194 447 quot
1215 385 1417 433 Achaia
1440 385 1651 446 formas,

282 477 309 534 †
334 481 384 521 et
408 474 605 521 Phoebi
632 481 681 521 et
706 472 897 521 Priami
923 474 1095 522 diruta
1119 488 1279 536 regna
1304 473 1440 523 senis
1460 492 1471 522 :

107 571 169 611 55
213 570 262 610 et
287 564 641 624 quaecumque
668 570 779 611 erat
802 564 856 610 in
882 576 1099 610 numero
1125 561 1361 609 Romana
1387 563 1578 624 puella,

282 650 497 698 occidit:
542 651 636 698 has
666 651 833 699 omnis
859 651 993 712 ignis
1020 665 1200 698 avarus
1228 650 1399 698 habet.

210 753 307 787 nec
345 738 510 786 forma
542 745 807 786 aeternum
842 746 934 786 aut.
971 738 1213 799 cuiquam
1249 744 1325 785 est
1364 737 1573 785 fortuna
1598 751 1711 800 per-

425 826 573 874 ennis
589 844 618 874 :-

280 914 488 975 longius
514 921 603 961 aut
627 914 837 977 propius
863 929 1002 963 mors
1029 929 1124 962 sua
1151 927 1405 976 quemque
1431 921 1618 961 manet.

208 1010 266 1049 tu
292 1001 538 1065 quoniam
563 1016 637 1061 eS‚
668 1017 783 1050 mea
808 1004 919 1062 luit,
948 1017 1140 1064 magno
1169 1001 1380 1050 dimissa
1405 1001 1619 1063 pericIO,

106 1098 169 1138 60
282 1104 496 1137 munera
520 1090 719 1139 Dianae
744 1091 915 1139 debita
940 1092 1094 1140 redde
1121 1091 1324 1149 choros»,

211 1176 365 1225 redde
392 1178 545 1226 etiam
570 1179 816 1228 excubias
844 1180 991 1229 divae
1016 1194 1175 1239 nunc,
1205 1186 1325 1227 ante
1350 1178 1615 1238 iuvencae,

281 1265 475 1313 votivas
501 1275 680 1315 noctes
708 1276 758 1315 et
781 1267 906 1314 mihi
932 1268 1074 1316 solve
1100 1267 1292 1315 decem.

796 1468 1117 1477 ———

820 1705 1091 1754 XXVIIII.

205 1883 464 1942 Extrema,
497 1896 612 1930 mea
637 1883 751 1942 luit,
780 1898 896 1931 cum
921 1889 1074 1945 potus
1101 1888 1255 1929 nocte
1280 1895 1509 1943 vagarer,

278 1985 375 2019 nec
402 1984 484 2018 me
512 1985 772 2019 servorum
795 1971 1007 2031 duceret
1031 1970 1139 2017 ulla
1162 1984 1364 2027 manuS‚

207 2059 376 2119 obvia,
407 2058 584 2106 nescio
613 2066 741 2121 quot
767 2059 932 2121 pueri,
963 2058 1092 2105 mihi
1114 2058 1268 2106 turba
1292 2057 1490 2104 minuta

276 2153 486 2194 venerat
514 2146 631 2209 (hos
658 2146 815 2194 vetuit
844 2160 925 2194 me
950 2160 1224 2194 numerare
1247 2144 1444 2206 timor),

139 2246 164 2285 5
208 2249 426 2297 quorum
452 2235 543 2283 alii
569 2235 786 2294 faculae,
818 2234 910 2282 alii
934 2234 1155 2283 retinere
1181 2233 1412 2296 sagittas,

276 2338 393 2387 pars
422 2324 574 2372 etiam
598 2324 707 2370 visa
734 2329 809 2371 est
832 2323 1002 2371 vincla
1027 2336 1206 2385 parare
1235 2321 1377 2369 mihi.

205 2412 292 2459 sed
320 2411 445 2459 nudi
471 2412 690 2461 fuerant.
747 2425 969 2473 quorum
995 2410 1234 2458 lascivior
1258 2424 1391 2457 unus

269 2500 497 2562 ‘arripite
526 2500 680 2548 hunc'
704 2499 902 2561 inquit:
944 2498 1085 2546 ‘nam
1109 2499 1240 2547 bene
1265 2497 1427 2545 nostis
1455 2510 1589 2543 eum.

203 2588 287 2636 hic
314 2595 440 2648 erat,
474 2588 610 2637 hunc
637 2588 823 2637 mulier
847 2586 999 2636 nobis
1025 2587 1155 2635 irata
1180 2585 1408 2635 locavit.’
