1942 3000
784 177 963 216 LIBER
994 178 1034 216 1.

235 336 513 398 osculaque
536 335 784 397 inpressis
811 334 936 382 nixa
960 334 1077 381 dedi
1104 335 1340 396 genibus,

167 432 280 472 ante
305 432 420 472 tuos
448 424 685 486 quotiens
713 423 840 471 verti
865 438 963 483 me,
998 424 1210 487 perfida,
1243 431 1439 486 postes,

232 512 502 575 debitaque
527 512 745 560 occultis
770 520 887 561 vota
909 512 1005 560 tuli
1030 512 1264 560 manibus
1284 513 1318 561 1³

66 611 127 650 45
167 602 289 649 haec
312 601 401 649 ille
428 607 477 649 et
501 601 681 663 siquae
707 601 878 650 miseri
903 601 1120 648 novistis
1147 607 1379 649 amantes

235 697 284 737 et
306 689 569 738 matutinis
596 690 845 751 obstrepit
870 689 1096 737 alitibus,

166 778 235 827 sic
262 793 356 840 ego
382 792 522 826 nunc
549 777 788 826 dominae
812 777 947 825 vitiis
974 784 1025 825 et
1050 790 1253 840 semper
1278 778 1498 827 amantis

232 867 432 915 fletibus
458 873 667 914 aeterna
691 865 899 913 differor
922 865 1130 913 invidia.

66 964 83 1003 1
104 964 120 1003 1
164 970 257 1003 nec
281 963 452 1003 tamen
477 954 569 1001 illa
593 967 718 1001 suae
741 961 1012 1001 revocatur
1036 967 1247 1015 parcere
1272 952 1458 1013 famae,

232 1043 431 1107 turpior
456 1049 505 1091 et
531 1041 687 1091 saecli
711 1042 879 1090 vivere
903 1042 1125 1090 luxuria.

729 1490 771 1561 4
819 1482 990 1532 xvn.

158 1664 225 1712 Et
249 1663 451 1722 merit0,
485 1662 731 1726 quoniam
756 1661 900 1725 potui
927 1659 1120 1722 fugisse
1146 1661 1401 1724 puellam!

233 1766 373 1800 nunc
399 1765 497 1814 ego
524 1751 748 1799 desertas
775 1751 1031 1812 adloquor
1056 1750 1318 1811 alcyonas.

157 1854 257 1888 nec
283 1839 406 1887 mihi
434 1838 663 1902 Cassope
688 1839 842 1887 solito
869 1839 1043 1887 visura
1068 1838 1311 1898 carinam,

233 1928 509 1990 omniaque
534 1928 740 1990 ingrato
766 1926 918 1975 litore
944 1935 1065 1975 vota
1090 1927 1295 1975 cadunt.

86 2030 111 2068 5
156 2017 286 2080 quin
315 2017 468 2065 etiam
492 2016 693 2064 absenti
718 2022 938 2078 prosunt
960 2015 1070 2076 tibi,
1105 2013 1340 2076 Cynthia,
1369 2015 1533 2063 venti:

232 2104 459 2166 adspice,
498 2118 653 2168 quam
678 2117 853 2152 saevas
878 2103 1115 2166 increpat
1139 2118 1265 2151 aura
1288 2103 1472 2151 minas.

153 2193 371 2242 nullane
398 2194 632 2255 placatae
657 2192 827 2239 veniet
850 2191 1059 2238 fortuna
1084 2191 1380 2253 procellae?

230 2282 447 2330 haecine
473 2295 628 2343 parva
652 2294 823 2327 meum
846 2279 1002 2326 funus
1028 2293 1186 2327 arena
1210 2279 1386 2341 teget?

152 2379 212 2420 tu
240 2379 415 2418 tamen
438 2368 493 2418 in
517 2368 700 2416 melius
727 2381 902 2416 saevas
931 2374 1173 2416 converte
1198 2367 1478 2431 querellas:

45 2469 106 2510 10
208 2438 312 2508 ‘sat
334 2458 429 2508 tibi
454 2458 521 2507 sit
546 2471 744 2520 poenae
769 2471 877 2504 nox
902 2462 952 2504 et
973 2456 1155 2518 iniqua
1187 2456 1332 2504 vada.

151 2564 224 2596 an
251 2547 445 2611 poteris
473 2547 621 2595 siccis
647 2560 763 2595 mea
787 2545 895 2593 fata
919 2558 1184 2607 opponere
1209 2544 1406 2602 ocellis,

229 2649 453 2698 ossaque
477 2636 625 2684 nulla
649 2644 739 2684 tuo
767 2641 941 2683 nostra
965 2640 1142 2681 tenere
1168 2632 1286 2681 sinu
1301 2631 1325 2679 Ρ
