1942 3000
94 1471 152 1511 10

82 1912 154 1968 ‚15

850 156 1046 195 unna.
1660 154 1697 205 9

872 418 1015 468 VIII.

190 664 356 713 Miser
381 662 604 724 Catulle,
635 666 840 716 desinas
864 667 1101 730 ineptire,

194 762 246 802 et
271 754 413 816 quod
439 754 576 803 vides
603 755 797 818 perisse
821 756 1077 818 perditum
1102 757 1278 806 ducas.

192 841 388 890 fulsere
413 843 675 905 quondam
702 843 907 892 candidi
933 843 1027 893 tibi
1052 845 1209 905 soles,

194 947 316 981 cum
342 931 629 980 ventitabas
656 947 760 995 quo
788 932 964 995 puella
990 932 1212 982 ducebat

193 1028 371 1068 amata
394 1020 543 1068 nobis
570 1028 821 1082 quantum
843 1021 1098 1070 amabitur
1123 1022 1285 1070 nulla.

193 1108 264 1158 ibi
291 1108 385 1157 illa
408 1108 572 1156 multa
595 1116 704 1156 tum
729 1109 911 1158 iocosa
935 1110 1145 1168 fiebant,

195 1210 330 1260 quae
356 1204 416 1245 tu
439 1197 649 1245 volebas
676 1210 772 1245 nee
799 1198 978 1260 puella
1001 1198 1229 1247 nolebat.

193 1285 388 1333 fulsere
412 1299 529 1333 vere
555 1285 761 1334 candidi
787 1285 880 1334 tibi
908 1286 1064 1334 soles.

193 1389 337 1423 nune
361 1374 465 1421 iam
490 1373 581 1422 illa
605 1388 713 1422 non
739 1374 873 1422 vult:
917 1381 974 1422 tu
999 1388 1225 1436 quoque,
1269 1373 1531 1437 inpotens,
1564 1372 1692 1433 noli,

194 1476 293 1512 nec
320 1476 454 1527 quae
480 1463 613 1526 fugit
636 1471 850 1524 sectare,
883 1477 979 1513 nec
1005 1463 1162 1513 miser
1187 1463 1317 1524 vive,

195 1551 286 1599 sed
313 1551 572 1600 obstinata
597 1559 768 1600 mente
792 1552 979 1615 perfer,
1013 1552 1228 1601 obdura.

194 1639 327 1698 vale,
360 1639 552 1701 puella.
632 1640 735 1688 iam
762 1638 997 1688 Catullus
1023 1641 1261 1699 obdurat,

193 1740 292 1775 nec
316 1733 368 1774 te
393 1727 619 1790 requiret
642 1742 738 1776 nee
763 1729 967 1790 rogabit
991 1728 1224 1776 invitam:

194 1824 248 1863 at
272 1823 331 1863 tu
357 1815 572 1874 dolebis,
605 1830 723 1864 cum
749 1816 1010 1880 rogaberis
1037 1817 1201 1865 nulla.

196 1905 435 1964 scelesta,
466 1918 559 1952 vae
583 1906 662 1952 te!
706 1919 839 1966 quae
865 1905 957 1954 tibi
982 1913 1157 1953 manet
1182 1904 1313 1954 vita!

194 1992 311 2056 quis
337 2006 479 2040 nunc
505 2000 557 2040 te
580 1992 773 2041 adibit?
812 1993 894 2041 cui
921 1992 1171 2041 videberis
1200 1992 1373 2041 bella?

194 2094 349 2143 quem
373 2094 513 2128 nunc
537 2080 732 2129 amabis
747 2081 770 2127 ?
808 2081 953 2129 cuius
982 2095 1095 2130 esse
1119 2080 1341 2129 diceris?

193 2182 349 2232 quem
377 2168 636 2217 basiabis?
673 2170 756 2218 cui
781 2170 973 2218 labella
997 2170 1289 2219 mordebis?

194 2266 249 2306 at
273 2265 348 2317 tu,
384 2255 605 2317 Catulle,
637 2257 921 2306 destinatus
951 2259 1166 2308 obdura.
