1942 3000
245 177 250 187 ⁴
258 169 368 220 294
853 172 1180 210 PROPERTII

155 337 219 378 40
332 329 556 392 gaudeat
577 329 634 377 in
660 328 814 376 ‘solito
840 335 979 376 tacta
1008 328 1179 391 puella
1205 342 1355 376 sono.

182 432 224 466 11
263 416 781 481 Orphea.detinuisse
806 418 938 465 feras
966 425 1017 465 et
1044 416 1250 464 concita
1275 416 1452 465 dicunt

334 506 548 554 flumina
572 506 812 555 Threicia
836 505 1143 554 sustinuisse
1166 506 1304 567 lyra:

261 607 391 642 saxa
418 592 747 642 Cithaeronis
773 595 978 642 Thebas
1004 594 1198 656 agitata
1226 608 1318 656 per
1342 600 1503 641 artem

333 690 519 745 sponte
542 698 637 731 sua
660 683 714 730 in
741 683 872 731 muri
899 683 1126 730 membra
1153 682 1317 731 coisse
1343 682 1541 730 ferunt:

195 780 221 819 5
263 772 387 834 quin
415 771 587 832 etiam,
620 771 952 834 Polypheme,
984 771 1093 819 fera
1120 769 1336 819 Galatea
1360 772 1456 819 sub
1481 771 1652 819 Aetna

332 860 398 907 ad
422 868 510 908 tua
537 849 770 908 rorantes
797 859 1027 907 carmina
1052 859 1193 907 flexit
1218 872 1378 921 equos
1394 877 1409 907 ε
1443 891 1446 896 -
1582 915 1595 924 ,.

259 948 521 1008 miremur,
555 948 708 995 nobis
735 954 784 993 et
805 946 1014 994 Baccho
1044 954 1094 995 et
1115 947 1365 1010 Apolline
1391 947 1571 995 dextro

331 1038 484 1084 turba
505 1035 797 1098 puellarum
820 1035 874 1081 si·
889 1050 1004 1083 mea
1028 1037 1182 1084 verba
1208 1036 1368 1085 colit?

261 1123 399 1186 quod
427 1138 533 1170 non
558 1123 826 1171 Taenariis
854 1123 1035 1172 domus
1065 1132 1141 1172 est
1172 1119 1296 1172 mihi
1322 1124 1453 1172 fulta
1479 1124 1755 1184 columniS,

157 1219 217 1260 10
331 1225 427 1259 nec
455 1225 656 1259 camera
680 1219 884 1259 auratas
910 1212 1046 1260 inter
1072 1214 1268 1261 eburna
1293 1213 1482 1273 trabeS,

258 1314 356 1348 nec
382 1314 497 1347 mea
522 1299 782 1349 Phaeacas
808 1308 1036 1362 aequant
1060 1301 1292 1363 pomaria
1318 1302 1489 1360 silvae,

331 1403 437 1436 non
466 1402 685 1451 operosa
709 1389 841 1451 rigat
864 1389 1090 1437 Marcius
1118 1396 1268 1437 antra
1290 1389 1490 1451 liquor:

259 1483 312 1525 at
336 1491 515 1526 musae
542 1477 771 1538 comiteS,
806 1484 855 1526 et
882 1478 1109 1527 carmina
1133 1485 1280 1541 grata
1304 1478 1515 1542 legenti,

331 1574 382 1615 et
408 1566 609 1616 defessa
636 1567 803 1616 choris
832 1565 1102 1630 Calliopea
1126 1569 1270 1617 meiS.

153 1661 215 1702 15
256 1654 539 1715 fortunata,
573 1671 690 1704 meo
717 1656 863 1719 siqua
894 1671 945 1704 es
973 1656 1233 1705 celebrata
1258 1657 1468 1705 libello!

329 1744 559 1792 carmina
587 1752 736 1792 erunt
761 1745 957 1792 formae
985 1751 1062 1791 tot
1086 1745 1406 1792 monimenta
1433 1752 1570 1793 tuae.

255 1846 378 1878 nam
404 1846 573 1893 neque
597 1832 917 1893 pyramidum
940 1839 1174 1893 sumptus
1202 1832 1265 1879 ad
1292 1832 1461 1881 sidera
1487 1834 1626 1882 ducti

329 1933 425 1966 nec
452 1918 589 1966 Iovis
614 1918 724 1967 Elei
754 1919 954 1966 caelum
980 1919 1180 1967 imitata
1205 1920 1387 1968 domus

255 2022 353 2056 nec
379 2007 636 2055 Mausolei
662 2007 801 2055 dives
827 2007 1036 2055 fortuna
1069 2009 1293 2072 sepulcri

142 2103 213 2144 20
326 2095 504 2142 mortis
531 2096 595 2143 ab
623 2104 851 2144 extrema
876 2097 1182 2147 condicione
1208 2107 1408 2148 vacant.

255 2192 344 2233 aut
371 2184 476 2232 illis
503 2183 706 2231 flamma
732 2191 823 2233 aut
848 2186 1014 2234 imber
1039 2188 1289 2236 subducet
1314 2188 1554 2244 honores,

325 2287 581 2320 annorum
605 2280 696 2321 aut
717 2274 824 2322 ictu
850 2276 1082 2338 pondera
1105 2277 1239 2324 victa
1263 2282 1427 2323 ruent.

246 2366 308 2407 at
334 2375 441 2408 non
467 2361 680 2423 ingenio
707 2364 995 2425 quaesitum
1022 2378 1209 2411 nomen
1237 2364 1299 2411 ab
1327 2377 1450 2410 aevo

327 2448 555 2497 excidet:
599 2451 809 2512 ingenio
837 2458 936 2498 stat
962 2450 1073 2497 sine
1098 2450 1459 2498 mortedecuS.
