1942 3000
186 690 249 729 15

183 1133 249 1173 20

178 1579 245 1620 25

184 2107 246 2148 30

182 2547 246 2588 35

285 167 394 217 314
872 170 1196 209 rnorem-11

288 342 414 376 neve
440 335 528 375 tua
551 328 736 376 Medae
761 329 1020 376 laetentur
1046 328 1202 376 caede
1227 328 1461 391 sagittae,

361 416 557 465 ferreus
586 424 767 464 aurato
793 431 897 465 neu
922 417 1282 478 cataphractus
1309 431 1460 479 equo,

289 520 417 554 neve
441 506 636 567 aliquid
664 506 727 553 de
753 513 805 553 te
828 505 1052 552 flendum
1078 504 1329 552 referatur
1353 505 1408 552 in
1433 520 1582 553 urna.

360 595 434 643 sic
459 594 692 651 redeunt,
725 593 830 641 illis
859 593 947 655 qui
977 592 1204 641 cecidere
1232 593 1376 640 lociS.

289 690 367 730 ter
393 688 574 744 quater
595 681 649 728 in
678 687 820 729 casta
844 681 971 729 felix
999 694 1029 727 o
1054 680 1301 728 Postume
1329 678 1499 740 Galla,

359 770 588 818 moribus
613 770 690 817 his
718 770 822 818 alia
848 770 1069 831 coniuge
1095 769 1280 831 dignus
1309 783 1439 818 eraS.

292 858 416 920 quid
442 858 596 906 faciet
623 859 770 906 nullo
796 858 997 905 munita
1023 858 1198 920 puella
1222 858 1422 917 timore,

364 961 479 994 cum
506 946 574 994 sit
599 946 838 994 luxuriae
862 945 1030 993 Roma
1055 947 1303 1008 magistra
1326 945 1486 994 suae?

291 1035 379 1083 sed
406 1049 615 1083 securus
644 1048 760 1082 eas:
806 1032 1015 1082 Gallam
1039 1049 1147 1083 non
1172 1049 1389 1083 munera
1411 1034 1631 1093 vincent,

362 1124 682 1185 duritiaeque
704 1130 825 1170 tuae
848 1137 955 1170 non
985 1124 1079 1171 erit
1100 1124 1194 1172 illa
1216 1138 1428 1172 memor.

291 1229 412 1262 nam
438 1227 766 1276 quocumque
789 1212 872 1260 die
898 1213 1098 1261 salvum
1121 1220 1173 1261 te
1196 1213 1304 1261 fata
1328 1211 1604 1271 remittent,

362 1302 605 1365 pendebit
631 1301 769 1349 collo
800 1300 951 1349 Galla
979 1301 1166 1364 pudica
1191 1308 1297 1349 tuo·

290 1392 564 1439 Postumus
592 1391 720 1437 alter
748 1390 842 1438 erit-
866 1389 1102 1437 miranda
1127 1390 1350 1452 coniuge
1374 1389 1571 1438 UlixeS.

362 1494 469 1528 non
495 1478 572 1527 illi
599 1480 789 1541 longae
814 1486 892 1527 tot
916 1492 1141 1528 nocuere
1165 1492 1358 1538 morae,

288 1577 457 1619 castra
484 1569 660 1617 decem
695 1583 978 1628 annorum,
1021 1575 1070 1615 et
1096 1566 1351 1616 Ciconum
1384 1582 1533 1615 mons
1571 1568 1785 1627 Ismara,

501 1657 680 1720 Calpe,
721 1660 747 1716 †

358 1754 671 1808 exustaeque
696 1754 815 1794 tuae
839 1760 980 1804 mort,
1024 1743 1356 1805 Polypheme,
1389 1758 1570 1805 genae,

288 1842 339 1883 et
364 1833 537 1882 Circes
563 1832 788 1890 fraudeS,
822 1834 1060 1893 lotosque
1085 1832 1377 1892 herbaeque
1403 1838 1628 1892 tenaceS,

359 1921 633 1982 Scyllaque
660 1926 710 1966 et
734 1919 957 1966 alternas
988 1917 1148 1966 scissa
1175 1916 1458 1980 Charybdis
1494 1934 1674 1983 aquas,

286 2008 577 2071 Lampeties
607 2007 795 2055 Ithacis
823 2007 1044 2055 verubus
1070 2007 1299 2071 mugisse
1327 2009 1574 2057 iuvencos

364 2098 598 2160 (paverat
622 2097 717 2145 hos
743 2097 955 2145 Phoebo
984 2097 1091 2145 filia
1114 2098 1426 2161 Lampetie),

290 2194 340 2235 et
365 2186 647 2235 thalamum
670 2186 881 2235 Aeaeae
905 2186 1077 2234 flentis
1103 2186 1300 2250 fugisse
1326 2186 1547 2250 puellae,

359 2282 538 2336 totque
565 2275 747 2323 hiemis
776 2281 953 2323 noctes
983 2282 1163 2337 totque
1189 2283 1392 2322 natasse
1417 2271 1541 2328 dice,

288 2364 648 2425 nigrantisque
675 2363 856 2411 domos
884 2364 1170 2411 animarum
1196 2363 1414 2410 intrasse
1447 2360 1706 2418 silentum,

358 2453 584 2500 sirenum
610 2452 765 2499 surdo
792 2452 987 2512 remige
1012 2451 1178 2498 adisse
1203 2451 1366 2508 lacus,

289 2547 338 2588 et
361 2549 553 2589 veteres
579 2554 728 2588 arcus
757 2541 861 2588 leto
887 2552 1160 2586 renovasse
1186 2553 1481 2601 procorum,

359 2629 648 2691 errorisque
674 2629 755 2681 sui
781 2628 856 2677 sic
880 2626 1118 2675 statuisse
1143 2628 1371 2678 modum.
