1942 3000
100 383 156 423 15

93 827 157 868 20

97 1270 158 1309 25

99 1716 160 1755 30

792 132 968 169 LIBER
998 131 1091 169 111.

271 288 412 350 inpia
435 288 490 336 in
519 288 757 337 adversos
784 289 1027 336 solvimus
1056 302 1145 335 ora
1170 288 1324 336 deos:

201 384 252 424 et
278 377 508 424 nondum
534 377 649 425 cani
674 377 850 439 nigros
878 378 1073 425 laesere
1100 377 1335 439 capillos,

272 479 369 513 nec
394 465 532 513 venit
555 466 700 513 tardo
729 480 882 513 curva
907 472 1116 513 senecta
1141 466 1287 528 pede.

199 554 427 601 natalem
457 554 621 616 primo
650 562 882 602 nostrum
906 555 1076 602 videre
1108 562 1366 617 parentes,

273 657 390 690 cum
417 643 599 691 cecidit
623 642 731 691 fato
759 643 942 691 consul
968 651 1183 705 uterque
1208 643 1336 706 pari.

201 730 326 793 quid
352 731 589 780 fraudare
613 732 752 780 iuvat
774 732 928 779 vitem
952 732 1300 782 crescentibus
1328 732 1437 779 uvis

276 826 325 867 et
349 820 503 868 modo
530 829 653 869 nata
677 822 814 870 mala
838 820 1028 868 vellere
1054 834 1209 882 poma
1232 820 1425 868 manu?

201 907 413 970 parcite,
448 910 698 971 pallentes
728 909 890 957 undas
918 909 1230 972 quicumque
1253 910 1438 957 tenetis

275 996 503 1060 duraque
529 998 695 1046 sortiti
721 999 870 1046 tertia
896 1013 1055 1061 regna
1080 998 1178 1045 dei.

199 1084 402 1146 Elysios
431 1086 554 1134 olim
577 1087 731 1135 liceat
756 1101 1070 1149 cognoscere
1097 1101 1304 1149 campos

274 1173 656 1238 Lethaeamque
682 1183 842 1223 ratem
869 1175 1273 1237 Cimmeriosque
1299 1177 1462 1234 lacuS‚

202 1276 320 1309 cum
344 1277 458 1311 mea
484 1278 674 1325 rugosa
698 1264 966 1326 pallebunt
994 1278 1085 1311 ora
1110 1271 1317 1311 senecta

275 1357 325 1397 et
350 1351 567 1399 referam
593 1352 762 1414 puen's
789 1360 1022 1415 tempora
1046 1353 1216 1414 prisca
1241 1366 1418 1399 senex,

201 1446 357 1503 atque
386 1440 579 1487 utinam
603 1455 736 1487 vano
763 1441 1078 1503 nequiquam
1105 1447 1296 1488 terrear
1319 1442 1493 1488 aestu!

272 1529 522 1591 languent
548 1536 625 1577 ter
650 1530 837 1591 quinos
865 1530 953 1578 sed
981 1545 1096 1577 mea
1119 1530 1347 1577 membra
1371 1529 1498 1576 dies.

202 1625 255 1665 at
279 1619 422 1665 vobis
448 1619 649 1667 Tuscae
677 1619 1002 1668 celebrantur
1029 1618 1241 1666 numina
1265 1618 1503 1680 lymphae

276 1714 327 1754 et
351 1707 517 1777 facilis
544 1707 685 1755 lenta
710 1707 919 1770 pellitur
943 1699 1091 1754 unda
1109 1722 1283 1756 manu.

201 1795 355 1843 vivite
380 1796 572 1854 felices,
603 1810 855 1844 memores
883 1804 933 1843 et
956 1795 1104 1844 vivite
1130 1796 1310 1856 nostri,

273 1884 379 1931 sive
405 1885 589 1932 erimus
615 1899 707 1933 seu
732 1900 826 1932 nos
854 1885 960 1932 fata
985 1885 1146 1933 fuisse
1171 1885 1347 1934 velint.

201 1972 398 2020 interea
423 1973 597 2035 nigras
624 1974 844 2035 pecudes
871 1974 1153 2036 promittite
1177 1973 1287 2021 Diti

274 2069 324 2109 et
348 2061 477 2109 nivei
504 2060 651 2109 lactis
679 2062 869 2123 pocula
893 2062 1055 2110 mixta
1079 2076 1238 2110 mero,

1585 129 1693 179 175
