1942 3000
812 133 995 171 mmm
1025 133 1134 172 1111.
1613 132 1718 183 295

917 467 1012 515 111.

219 640 377 688 Visus
405 655 542 689 eram
567 643 712 689 molli
739 644 990 691 recubans
1017 643 1284 691 Heliconis
1310 643 1364 690 in
1392 645 1588 704 umbra,

290 730 713 792 Bellerophontei
741 745 845 792 qua
868 731 981 778 fluit
1006 745 1158 778 umor
1183 731 1319 794 equi,

217 832 381 879 reges,
414 819 570 877 Alba,
602 825 719 865 tuos
746 826 797 865 et
820 833 1001 880 regum
1027 819 1164 867 facta
1188 827 1411 879 tuorum,

288 913 488 953 tantum
515 906 705 968 operis,
737 907 905 954 nervis
932 906 1131 956 hiscere
1156 921 1311 970 posse
1336 907 1482 967 meis,

144 1005 173 1044 5
215 1008 474 1057 parvaque
500 1000 605 1041 tam
630 996 831 1057 magnis
861 996 1125 1044 admoram
1151 993 1382 1044 fontibus
1411 1011 1517 1056 ora,

289 1081 425 1130 unde
450 1089 596 1144 pater
620 1083 797 1131 sitiens
823 1083 1021 1132 Ennius
1051 1091 1172 1131 ante
1200 1083 1345 1143 bibit,

220 1177 269 1218 et
297 1170 461 1217 cecini
489 1168 672 1218 Curios
699 1171 881 1218 fratres
911 1179 961 1218 et
986 1170 1200 1219 Horatia
1227 1172 1352 1233 pila,

285 1258 529 1320 regiaque
554 1259 780 1307 Aemilia
806 1267 948 1308 vecta
972 1267 1188 1322 tropaea
1212 1267 1339 1318 rate,

214 1348 552 1409 victricesque
576 1362 747 1396 moras
773 1349 921 1396 Fabii
947 1363 1282 1411 pugnamque
1307 1348 1569 1397 sinistram

109 1444 171 1484 ιο
286 1435 609 1484 Cannensem
637 1444 687 1484 ct
711 1450 883 1484 versos
910 1438 974 1484 ad
1002 1438 1087 1500 pia
1111 1444 1230 1484 vota
1256 1437 1396 1496 deme,

211 1525 663 1587 Hannibalemque
689 1526 821 1573 lares
847 1525 1085 1573 Romana
1111 1526 1231 1573 sede
1258 1525 1516 1587 fugantes,

279 1614 475 1662 anseris
504 1622 552 1661 et
579 1621 745 1661 tutum
771 1629 897 1662 voce
922 1615 1084 1662 fuisse
1107 1614 1299 1674 Iovem,

212 1717 329 1751 cum
352 1718 434 1751 me
461 1703 689 1752 Castalia
715 1704 991 1765 speculans
1020 1718 1084 1751 ex
1109 1705 1293 1751 arbore
1318 1703 1556 1751 Phoebus

284 1792 359 1840 sic
384 1792 473 1851 ait,
506 1799 687 1840 aurata
712 1792 866 1840 nixus
895 1793 960 1840 ad
987 1798 1135 1839 antra
1161 1792 1288 1853 lyra.

108 1889 167 1928 15
208 1880 350 1943 ‘quid
374 1881 464 1928 tibi
492 1897 608 1928 cum
632 1881 741 1940 tali,
774 1880 1005 1940 demens,
1040 1888 1117 1928 est
1140 1881 1385 1929 flumine?
1423 1881 1535 1943 quis
1562 1889 1612 1929 te

282 1969 519 2016 carminis
545 1968 688 2016 heroi
715 1976 925 2031 tangere
952 1969 1104 2017 iussit
1129 1983 1257 2032 opus
1273 1969 1296 2016 ἶ)

210 2071 316 2104 non
344 2056 429 2103 hic
452 2057 563 2104 ulla
588 2056 681 2105 tibi
708 2057 965 2119 speranda
994 2065 1071 2104 est
1095 2057 1250 2117 fama,
1282 2057 1544 2120 Properti:

279 2145 459 2192 mollia
484 2151 605 2191 sunt
630 2145 797 2207 parvis
825 2152 972 2206 prata
997 2146 1208 2193 terenda
1237 2145 1380 2204 rotis,

206 2241 265 2281 ut
290 2240 407 2281 tuus
433 2233 488 2281 in
517 2247 727 2281 scamno
757 2233 978 2281 iactetur
1002 2247 1154 2297 saepe
1180 2234 1404 2293 libellus,

102 2329 165 2370 20
280 2335 433 2383 quem
457 2321 598 2384 legat
623 2328 901 2383 expectans
927 2322 1043 2369 sola
1067 2323 1242 2384 puella
1267 2322 1446 2369 virum.

209 2422 298 2456 cur
323 2415 411 2455 tua
437 2408 756 2471 praescripto
784 2415 986 2456 sevecta
1012 2416 1087 2456 est
1112 2409 1306 2472 pagina
1330 2409 1495 2472 gyro?

280 2511 385 2544 non
411 2504 488 2545 est
511 2496 708 2558 ingenii
736 2498 916 2557 cymba
942 2497 1202 2559 gravanda
1225 2497 1314 2544 tui.

206 2585 337 2632 alter
361 2599 530 2633 remus
557 2598 737 2647 aqum,
771 2585 900 2633 alter
924 2584 1019 2632 tibi
1046 2585 1193 2632 radat
1216 2599 1398 2633 arenas
1419 2601 1432 2632 ι
