1942 3000
271 169 376 219 326
860 172 1174 210 PROPER'rn

269 337 320 377 et
343 328 603 391 placidum
629 328 798 391 Syrtes
825 336 1031 391 portum
1057 336 1107 376 et
1132 329 1270 376 bona
1294 328 1446 376 litora
1472 328 1644 375 nautis

340 418 592 481 praebeat.
609 417 835 480 hospitio
861 431 1014 465 saeva
1037 417 1212 465 Malea
1238 431 1352 476 su0‚

271 520 427 568 quam
453 506 619 569 possit
642 514 835 553 vestros
864 506 1140 567 quisquam
1163 504 1532 568 reprehendere
1559 519 1748 553 cursus

171 602 229 642 10
342 601 391 642 et
416 593 624 656 rapidae
649 594 882 641 stimulos
908 594 1149 656 frangere
1175 592 1451 655 nequitiae.

271 682 430 740 testis,
464 681 664 730 Cretaei
689 682 852 729 fastus
879 696 1013 744 quae
1037 696 1192 744 passa
1217 680 1420 729 iuvenci

342 770 511 817 induit
534 770 786 832 abiegnae
813 783 1009 817 cornua
1035 769 1167 817 falsa
1194 770 1368 817 bovis:

270 858 413 906 testis
440 858 740 906 Thessalico
767 858 989 920 flagrans
1017 857 1275 907 Salmonis
1301 856 1520 919 Enipe0‚

343 960 477 1008 quae
502 946 665 994 voluit
690 946 883 1008 liquido
908 953 1018 993 tota
1043 937 1215 993 subire
1242 945 1356 993 de0.

171 1043 190 1081 1
207 1044 230 1082 5
275 1035 467 1082 crimen
494 1043 544 1081 et
569 1034 661 1081 illa
686 1034 784 1081 fuit
807 1035 973 1097 patria
1000 1048 1249 1082 succensa
1274 1040 1481 1081 senecta

342 1122 539 1169 arboris
567 1123 621 1169 in
646 1122 853 1170 frondes
884 1123 1092 1170 condita
1117 1122 1324 1183 Myrrha
1353 1135 1532 1168 novae.

272 1224 392 1258 nam
419 1210 543 1272 quid
569 1211 784 1259 Medeae
809 1210 1029 1259 referam
1056 1224 1158 1272 quo
1184 1217 1416 1272 tempore
1439 1208 1615 1255 matris

343 1299 472 1346 iram
498 1306 738 1347 natorum
764 1300 917 1347 caede
942 1298 1103 1361 piavit
1127 1296 1306 1345 amor?

277 1387 460 1448 quidve
487 1385 941 1447 Clytaemnestrae,
974 1394 1186 1449 propter
1212 1399 1366 1447 quam
1391 1392 1500 1431 tota
1524 1384 1762 1445 Mycenis

170 1482 232 1524 20
317 1489 320 1490 ’
343 1474 547 1523 infamis
575 1482 754 1539 stupro
781 1482 881 1524 stat
904 1475 1134 1538 Pelopea
1160 1473 1377 1522 domus?

273 1571 433 1625 tuque
459 1578 489 1611 o
516 1564 697 1612 Minoa
721 1563 1032 1623 venundata,
1065 1564 1255 1624 Scylla,
1289 1563 1465 1625 figura,

345 1652 563 1699 tondens
591 1667 848 1716 purpurea
874 1667 1034 1714 regna
1061 1660 1276 1714 paterna
1303 1665 1466 1698 coma.

274 1739 407 1786 hane
433 1739 589 1800 igitur
615 1736 785 1788 dotem
809 1741 952 1802 virgo
981 1739 1326 1802 desponderat
1350 1738 1515 1786 hosti!

340 1825 478 1885 Nise,
512 1834 623 1874 tuas
650 1835 824 1889 portas
854 1828 1033 1875 fraude
1059 1828 1268 1875 reclusit
1292 1827 1470 1875 Amor.

172 1921 233 1961 25
275 1921 328 1961 at
354 1928 463 1973 VOS,
495 1913 760 1976 innuptae,
794 1913 997 1962 felicius
1024 1916 1157 1963 urite
1183 1907 1390 1962 taedas:

346 2002 535 2065 pendet
561 1999 775 2049 Cretaea
802 2009 963 2050 tracta
990 2003 1164 2065 puella
1188 2011 1313 2051 rate.

275 2103 382 2137 non
408 2097 579 2137 tamen
606 2089 844 2138 inmerito
871 2091 1044 2139 Minos
1073 2092 1215 2139 sedet
1240 2091 1430 2139 arbiter
1457 2088 1610 2138 Orci:

347 2178 510 2225 vietor
535 2185 644 2225 erat
669 2179 918 2240 quamviS,
950 2194 1145 2242 aequus
1172 2179 1227 2227 in
1254 2179 1401 2227 hoste
1425 2177 1541 2225 fuit.

864 2417 1183 2424 ——-———-
