1942 3000
243 135 345 185 132
865 140 1106 179 'runnu

240 305 294 344 at
317 303 390 356 tu,
426 297 513 359 qui
540 297 712 360 potior
738 311 875 345 nunc
902 311 973 356 eS,
1008 312 1122 345 mea
1149 298 1255 346 fata
1280 299 1484 347 timeto:

135 393 158 434 7
172 393 197 433 0
310 393 539 433 versatur
566 386 718 433 celeri
743 385 870 432 Fors
897 386 1021 433 levis
1050 387 1173 435 orbe
1200 396 1360 435 rotae.

241 487 346 521 non
374 473 563 521 frustra
590 473 799 536 quidam
825 473 926 520 iam
953 488 1093 522 nune
1118 474 1173 522 in
1200 475 1374 522 limine
1400 483 1593 537 perstat

312 561 520 609 sedulus
547 569 599 608 et
623 562 802 608 crebro
830 560 1079 623 prospicit
1102 576 1164 609 ac
1189 561 1391 623 refugit,

239 659 289 699 et
312 650 519 698 simulat
543 651 760 698 transire
791 650 1016 709 domum,
1049 664 1171 697 mox
1196 650 1377 697 deinde
1407 651 1621 699 recurrit

311 739 452 787 solus
481 747 530 787 et
555 746 674 787 ante
701 739 839 802 ipsas
868 748 1076 787 excreat
1100 753 1264 802 usque
1289 740 1443 787 fores.

135 837 195 876 75
236 828 412 876 nescio
441 829 562 892 quid
589 828 805 876 furtivus
832 843 978 875 amor
1003 836 1166 891 parat.
1247 836 1388 877 utere
1414 843 1624 891 quaese,

310 916 430 964 dum
456 917 604 964 lieet:
649 917 703 963 in
730 916 925 978 liquida
951 924 1040 964 nat
1064 917 1154 964 tibi
1181 916 1337 964 linter
1360 932 1512 980 aqua.

935 1359 1026 1406 Vl.

235 1534 465 1598 Semper,
501 1543 556 1583 ut
580 1536 813 1595 inducar,
849 1536 1065 1584 blandos
1094 1537 1242 1584 offers
1268 1537 1391 1584 mihi
1418 1538 1603 1594 vultus,

305 1632 424 1686 post
448 1631 617 1672 tamen
644 1638 697 1672 es
724 1625 910 1672 misero
938 1625 1095 1673 tristis
1123 1634 1172 1672 et
1197 1640 1362 1688 asper,
1396 1628 1570 1673 Amor.

234 1713 358 1775 quid
385 1713 475 1761 tibi
505 1714 745 1761 saevitiae
771 1728 971 1762 mecum
1000 1715 1112 1762 est?
1150 1730 1216 1762 an
1243 1716 1406 1777 gloria
1433 1722 1669 1776 magnast

305 1801 517 1849 insidias
545 1802 740 1849 homini
767 1804 1103 1865 conposuisse
1130 1804 1314 1851 deum?

166 1897 191 1938 5
231 1905 353 1938 nam
377 1890 499 1938 mihi
526 1892 805 1938 tenduntur
830 1906 1029 1939 casses:
1072 1891 1175 1939 iam
1201 1892 1352 1939 Delia
1377 1891 1551 1939 fumim

301 1977 476 2027 nescio
505 1992 657 2041 quem
680 1979 836 2027 tacita
861 1980 1048 2028 callida
1074 1988 1226 2029 nocte
1251 1982 1404 2028 fovet.

230 2067 323 2115 illa
350 2068 556 2130 quidem
582 2076 686 2115 tam
710 2070 870 2116 multa
897 2077 1069 2131 negat,
1103 2070 1191 2118 sed
1219 2070 1422 2118 credere
1449 2071 1708 2119 durumst:

304 2155 377 2203 sie
406 2156 559 2203 etiam
586 2157 648 2204 de
672 2172 754 2204 me
781 2165 1027 2219 pernegat
1052 2172 1215 2219 usque
1241 2157 1367 2206 viro.

232 2244 344 2307 ipse
367 2245 521 2292 miser
546 2245 699 2293 docui
727 2260 829 2307 quo
855 2254 1030 2308 posset
1054 2246 1229 2294 ludere
1254 2255 1409 2310 pacto

131 2339 189 2380 10
305 2334 573 2382 custodes:
616 2333 716 2381 heu
743 2334 842 2381 heu
869 2349 1006 2381 nunc
1036 2348 1242 2397 premor
1266 2344 1375 2383 arte
1399 2349 1529 2383 mea.

232 2421 425 2484 fingere
450 2429 559 2469 tum
584 2422 760 2469 didicit
786 2437 984 2482 causaS‚
1017 2430 1073 2469 ut
1099 2423 1212 2470 sola
1238 2425 1464 2482 cubaret,

304 2511 510 2559 cardine
536 2518 644 2558 tum
668 2512 823 2558 tacito
849 2520 1042 2559 vertere
1069 2526 1220 2574 posse
1245 2513 1411 2560 fores:

232 2605 341 2646 tum
366 2614 517 2647 sucos
545 2599 830 2662 herbasque
857 2600 967 2647 dedi
998 2599 1109 2662 quis
1136 2600 1267 2648 livor
1292 2601 1457 2649 abiret
