1942 3000
269 174 378 226 278
853 177 1175 216 PROPERTH

874 509 1104 558 XXVIII
1112 510 1162 558 b.

161 691 223 733 35
264 683 525 732 Deficiunt
548 686 752 749 magico
778 686 900 734 torti
930 686 1026 734 sub
1054 685 1280 733 carmine
1305 683 1523 741 rhombi,

336 779 388 820 et
412 780 548 821 tacet
574 775 803 823 extincto
830 775 1019 823 laurus·
1036 774 1219 822 adusta
1243 773 1381 831 foco,

266 866 319 908 et
342 860 446 908 iam
470 860 620 910 Luna
645 869 800 923 negat
825 863 1014 911 totiens
1042 861 1348 910 descendere
1375 860 1538 918 cae10‚

337 947 588 1011 nigraque
615 948 876 997 funestum
900 950 1131 997 concinit
1155 964 1306 998 omen
1336 949 1458 997 avis,

262 1050 368 1083 una
393 1036 514 1084 ratis
541 1036 633 1084 fati
660 1043 867 1085 nostros
893 1038 1120 1100 portabit
1143 1051 1344 1085 amores

159 1131 222 1171 40
338 1125 549 1172 caerula
573 1124 638 1172 ad
662 1124 893 1173 infernos
919 1125 1173 1173 velificata
1199 1125 1361 1172 lacus,

264 1210 306 1259 si
332 1225 442 1258 non
468 1212 638 1272 unius,
672 1226 884 1274 quaeso,
918 1213 1159 1261 miserere
1184 1213 1421 1260 duorum.

332 1299 516 1358 vivam,
546 1300 589 1347 si
614 1301 772 1348 vivet:
817 1301 859 1349 si
886 1302 1034 1349 cadet
1057 1301 1166 1361 illa,
1200 1301 1397 1350 eadam.

261 1401 354 1449 pro
382 1387 568 1448 quibus
597 1389 785 1451 optatis
812 1404 958 1437 sacro
984 1404 1066 1438 me
1091 1391 1315 1438 carmine
1343 1391 1559 1438 damno:

332 1475 555 1526 scribam
579 1490 675 1540 ego
708 1477 815 1541 ‘per
838 1493 1083 1541 magnum
1111 1480 1252 1528 salva
1276 1479 1450 1543 puella
1465 1478 1679 1537 Iovem’,

64 1613 74 1623 ‚
153 1572 182 1612 4
197 1574 220 1614 5
262 1570 381 1613 ante
405 1572 628 1629 tuosque
652 1567 805 1630 pedes
833 1568 924 1616 illa
949 1568 1063 1631 ipsa
1087 1569 1336 1632 adoperta
1358 1568 1570 1640 sedebi-Q

333 1654 666 1718 narrabitque
689 1656 872 1705 sedens
897 1658 1057 1719 longa
1082 1657 1276 1725 pericla
1301 1671 1412 1705 sua.

848 1876 1163 1884 ——-——

857 2093 1088 2144 XXVIII
1102 2110 1146 2144 o.

259 2274 399 2323 Haec
424 2280 532 2336 tua,
562 2274 908 2336 Persephone,
940 2280 1148 2322 maneat
1173 2272 1460 2330 elementia,
1493 2284 1589 2318 neo
1616 2276 1689 2327 tu,

328 2362 680 2425 Persephones
710 2363 952 2421 coniunx,
986 2345 1187 2409 saevIor
1213 2374 1322 2408 esse
1348 2357 1488 2406 velis.

257 2458 378 2497 sunt
402 2450 541 2513 apud
564 2445 795 2498 infernos
822 2457 899 2498 tot
923 2447 1066 2498 milia
1091 2429 1458 2495 formosarum:

148 2545 215 2585 50
328 2539 508 2600 pulcra
533 2539 602 2586 sit
627 2538 681 2586 in
707 2537 924 2600 superiS,
958 2537 1001 2584 si
1026 2536 1160 2593 licet,
1195 2550 1298 2582 una
1323 2534 1471 2582 locis.

257 2626 521 2675 vobiscum
547 2632 621 2675 est
646 2625 791 2689 Iope,
825 2625 1087 2673 vobiscum
1113 2622 1331 2670 candida
1354 2622 1512 2685 Tyro,
