1942 3000
62 503 122 545 20

53 1747 111 1787 10

49 2190 109 2229 15

41 2634 105 2675 20

805 162 1002 201 LIBER·

162 317 214 366 at
232 333 318 367 vos
344 318 541 366 interea
566 319 733 366 venite
757 318 811 366 in
835 319 1026 382 ignem,

136 413 145 417 ”
161 407 295 470 pleni
322 407 454 455 ruris
481 414 531 454 et
555 406 897 455 inficetiarum

162 496 372 544 annales
396 494 599 554 Volusi,
635 503 813 544 cacata
839 496 1032 544 charta.

773 796 1045 845 XXXVII.

161 937 318 988 Salax
343 938 555 986 taberna
579 952 774 1000 vosque
800 939 1214 996 contubernales,

159 1042 191 1074 a
216 1027 418 1090 pileatis
445 1041 586 1075 nona
611 1026 857 1075 fratribus
884 1028 1010 1090 pila,

159 1115 284 1163 solis
312 1116 501 1178 putatis
528 1130 640 1164 esse
664 1116 923 1164 mentulas
951 1117 1117 1176 vobis,

158 1204 285 1252 solis
312 1204 467 1253 licere
492 1205 740 1268 quidquid
768 1214 844 1254 est
869 1206 1160 1269 puellarum

161 1293 464 1342 confutuere
490 1302 540 1342 et
563 1303 745 1358 putare
771 1302 968 1342 ceteros
997 1294 1207 1342 hircos?

158 1398 248 1442 an,
280 1383 604 1432 continenter
628 1384 766 1446 quod
792 1384 980 1432 sedetis
1013 1383 1197 1431 insulsi

158 1479 367 1520 centum
392 1486 458 1519 an
485 1471 711 1532 ducenti,
744 1486 851 1521 non
879 1471 1069 1535 putatis
1097 1486 1340 1520 ausurum

156 1574 241 1608 me
266 1575 372 1608 una
396 1560 643 1608 ducentos
668 1560 925 1609 inrumare
951 1560 1214 1608 sessores?

158 1649 305 1712 atqui
332 1657 534 1711 putate:
578 1663 803 1712 namque
829 1649 989 1697 totius
1017 1648 1163 1696 vobis

156 1737 385 1785 frontem
409 1738 654 1784 tabernae
679 1736 1043 1799 scorpionibus
1071 1736 1311 1785 scribam.

157 1826 338 1890 puella
363 1841 485 1874 nam
509 1825 596 1884 mi,
632 1839 765 1888 quae
788 1827 904 1873 ineo
930 1824 1050 1873 sinu
1074 1824 1227 1888 fugit,

156 1922 333 1962 amata
358 1922 559 1962 tantum
583 1922 833 1976 quantum
856 1913 1113 1962 amabitur
1138 1913 1300 1972 nulla,

156 2016 258 2065 pro
285 2017 390 2064 qua
413 2001 537 2049 mihi
562 2009 682 2049 sunt
706 2015 895 2064 magna
922 2001 1060 2049 bella
1085 2009 1333 2065 pugnata,

159 2090 398 2139 consedit
422 2090 554 2138 istic.
631 2091 765 2139 hanc
792 2090 917 2139 boni
944 2090 1185 2153 beatique

156 2194 342 2228 omnes
368 2179 567 2239 amatis,
600 2187 651 2228 et
675 2180 897 2243 quidem,
930 2180 1068 2243 quod
1101 2179 1439 2242 indignumst,

157 2283 341 2318 omnes
367 2269 541 2331 pusilli
567 2277 618 2318 et
641 2269 884 2318 semitarii
909 2269 1112 2317 moechi
1132 2286 1145 2329 ;

154 2366 213 2406 tu
240 2366 446 2421 praeter
468 2372 647 2406 omnes
674 2373 778 2406 une
802 2358 865 2406 de
892 2358 1167 2421 capillatiS,

154 2446 495 2496 cuniculosae
520 2445 826 2496 Celtiberiae
852 2447 925 2495 fili

149 2536 368 2599 Egnati,
401 2550 565 2599 opaca
591 2550 745 2599 quem
771 2537 965 2584 bonum
990 2536 1114 2584 facit
1138 2536 1300 2584 barba

154 2635 205 2674 et
231 2626 364 2675 dens
389 2625 580 2674 Hibera
604 2625 880 2673 defricatus
909 2624 1078 2672 urina.

1582 159 1647 210 31
