1942 3000
41 601 145 674 γ15

37 1031 143 1082 720

75 1484 142 1525 25

72 1922 141 1963 30

764 170 946 210 mmm
973 170 1089 210 1111.
1565 165 1675 217 329

259 340 613 388 remorumque
638 341 785 389 pares
812 327 983 375 ducite
1008 334 1148 376 sorte
1172 328 1327 386 vices,

187 415 480 477 iungiteque
507 422 733 463 extremo
760 415 933 463 felicia
956 416 1117 464 lintea
1140 416 1306 464 malet

255 503 356 550 iam
379 502 633 565 liquidum
660 504 830 551 nautis
856 519 984 552 aura
1007 504 1255 552 secundat
1280 503 1393 551 iter.

187 590 448 640 Romanae
473 598 636 640 turres
663 599 713 641 et
738 606 825 639 vos
852 592 1065 641 valeatis
1091 592 1260 650 amici,

257 679 646 742 qualiscumque
671 680 795 728 mihi
820 688 982 742 tuque
1007 680 1183 742 puella
1206 679 1337 728 vale.

188 781 305 830 ergo
333 781 431 829 ego
460 781 600 816 nunc
624 769 766 816 rudis
779 768 991 817 Adi-iaci
1017 768 1173 816 vehar
1197 767 1435 829 aequoris
1461 767 1671 829 hospes,

257 870 412 917 cogar
437 863 487 905 et
511 857 800 905 undisonos
828 871 966 905 nunc
992 869 1145 918 prece
1170 855 1312 903 adire
1338 854 1480 903 deOS.

186 943 365 991 deinde
391 958 486 1006 per
508 945 715 994 Ionium
739 953 911 994 vectus
939 960 1056 994 cum
1079 944 1217 992 fessa
1241 942 1479 991 Lechaeo

255 1032 444 1080 sedarit
469 1033 675 1095 placida
698 1034 813 1082 vela
837 1033 1082 1095 phaselus
1108 1047 1261 1094 aqua,

187 1120 322 1182 quod
350 1128 599 1183 superest,
631 1121 860 1181 sufferre,
891 1121 1067 1184 pedes,
1099 1127 1372 1183 properate
1395 1119 1648 1177 laborem,

253 1208 473 1256 Isthmos
500 1223 605 1270 qua
627 1210 773 1257 terris
800 1217 943 1258 arcet
967 1217 1240 1271 utrumque
1264 1223 1422 1257 mare.

185 1297 305 1345 inde
331 1295 418 1343 ubi
442 1296 610 1344 Piraei
637 1296 842 1358 capient
864 1311 946 1345 me
971 1298 1126 1345 litora
1155 1303 1353 1359 portus,

255 1383 499 1432 scandam
525 1397 622 1445 ego
647 1383 879 1432 Theseae
905 1385 1146 1433 bracchia
1170 1385 1329 1446 longa
1353 1383 1481 1432 viae.

184 1475 211 1532 †
233 1472 343 1520 illic
368 1471 447 1520 vel
472 1470 652 1520 studiis
679 1471 908 1520 animum
934 1471 1204 1522 emendare
1229 1471 1463 1521 Platonis

253 1563 280 1620 †
303 1560 549 1622 incipiam
574 1567 665 1608 aut
690 1560 870 1618 hortis,
904 1560 1055 1608 docte
1078 1560 1318 1622 Epicure,
1350 1559 1469 1608 tuis.

184 1662 468 1712 persequar
492 1655 582 1697 aut
606 1648 837 1696 studium
861 1648 1088 1709 linguae,
1121 1647 1485 1696 Demosthenis
1511 1660 1672 1704 arma,

254 1737 606 1798 librorumque
628 1744 765 1795 tuoS,
797 1736 946 1784 docte
969 1735 1272 1794 Menandre,
1309 1734 1461 1783 sales.

183 1832 273 1873 aut
299 1833 436 1873 certe
460 1825 669 1873 tabulae
694 1825 899 1887 capient
921 1838 1039 1872 mea
1063 1823 1259 1871 lumina
1282 1823 1471 1886 pictae,

258 1914 363 1961 sive
390 1913 544 1961 ebore
569 1922 782 1962 exactae
807 1927 900 1962 seu
922 1913 1087 1975 magis
1114 1926 1232 1960 aere
1257 1926 1459 1960 manus.

182 2008 274 2049 aut
298 2000 465 2063 spatia
490 2016 746 2050 annorum
769 2009 859 2050 aut
882 2002 1042 2064 longa
1066 2001 1337 2049 intervalla
1361 1999 1605 2063 profundi

254 2089 492 2137 lenibunt
516 2090 673 2138 tacito
698 2091 913 2138 vulnera
937 2097 1117 2138 nostra
1140 2089 1274 2137 sinu.

180 2190 275 2225 seu
301 2176 508 2236 moriar,
542 2177 666 2237 fato,
698 2192 806 2225 non
829 2177 966 2239 turpi
992 2177 1184 2225 fractus
1211 2190 1414 2224 amore:

254 2270 410 2325 atque
437 2265 532 2313 erit
555 2264 648 2313 issa
672 2265 797 2315 mihi
821 2265 1000 2313 mortis
1026 2265 1243 2313 honesta
1267 2265 1392 2313 dies,

772 2486 1092 2496 ————-
