1942 3000
782 164 961 203 unns
993 165 1059 204 11.
1566 160 1674 213 239

179 335 284 368 non
308 320 381 369 ita
406 320 717 386 Carpathiae
741 321 941 370 variant
966 320 1298 384 aquilonibus
1326 320 1513 382 undae,

249 423 344 458 nee
370 409 528 459 dubio
555 413 720 460 nubes
747 411 962 459 vertitur
988 417 1100 458 atra
1127 413 1274 468 noto,

183 513 333 560 quam
361 498 516 548 facile
539 499 659 548 irati
681 501 837 548 verbo
863 505 1130 547 mutantur
1154 505 1417 548 amantesz

249 586 369 635 dum
395 587 533 648 licet,
563 588 756 637 iniusto
782 588 1027 637 subtrahe
1053 587 1191 635 colla
1215 586 1360 650 iugo·

81 681 138 724 15
178 688 271 722 nec
296 682 353 723 tu
378 690 485 723 non
511 675 726 739 aliquid,
758 676 845 724 sed
873 676 1041 739 prima
1066 682 1239 735 nocte,
1272 675 1499 724 dolebis:

248 777 399 811 omne
425 763 480 812 in
506 779 683 813 amore
707 765 919 823 malum,
951 763 998 811 si
1023 763 1237 826 patiare,
1267 763 1447 813 levest.

176 859 229 899 at
252 859 308 897 tu
335 865 425 914 per
452 851 692 900 dominae
715 852 933 901 Iunonis
962 851 1137 900 dulcia
1160 850 1275 900 iura

245 953 401 1002 parce
427 939 527 987 tuis
553 939 757 1000 animis,
787 940 908 999 vita,
941 952 1131 988 nocere
1156 939 1267 988 tibi.

173 1041 280 1076 non
307 1027 477 1075 solum
503 1034 682 1076 taurus
709 1028 828 1077 ferit
854 1028 999 1077 uncis
1027 1029 1269 1078 cornibus
1295 1028 1518 1089 hostem,

73 1122 133 1164 20
244 1128 419 1163 verum
445 1115 598 1165 etiam
620 1104 834 1166 instanti
859 1117 1004 1166 laesa
1028 1124 1289 1181 repugnat
1315 1118 1444 1167 ovis.

173 1218 270 1252 nec
293 1204 389 1253 tibi
415 1205 623 1267 periuro
651 1205 884 1254 scindam
913 1206 976 1254 de
1002 1221 1221 1270 corpore
1246 1213 1457 1267 vestem,

244 1306 340 1341 nec
363 1307 486 1341 mea.
503 1295 799 1357 praeclusas
825 1294 1039 1356 fregerit
1061 1294 1138 1342 ira
1162 1294 1322 1354 fores,

172 1394 268 1429 nec
295 1381 388 1430 tibi
415 1396 644 1431 conexos
669 1383 831 1432 iratus
859 1397 1072 1447 carpere
1099 1383 1267 1431 crines

242 1483 340 1519 nec
368 1470 507 1520 duris
533 1471 700 1521 ausim
725 1472 928 1521 laedere
953 1471 1251 1536 pollicibus.

66 1565 131 1607 25
170 1558 394 1607 rusticus
422 1559 550 1608 haec
577 1559 764 1623 aliquis
790 1567 896 1608 tam
919 1561 1093 1624 turpia
1119 1559 1320 1623 proelia
1345 1568 1579 1623 quaerat,

242 1647 385 1696 cuius
413 1662 522 1696 non
549 1649 767 1697 hederae
794 1649 1039 1698 circuiere
1065 1655 1235 1712 caput.

168 1737 391 1787 scribam
413 1737 587 1800 igitur,
618 1737 757 1800 quod
784 1752 893 1786 non
921 1753 1167 1802 umquam
1193 1746 1281 1787 tua
1306 1738 1477 1787 deleat
1499 1745 1660 1799 aetas,

238 1824 477 1887 ‘Cynthia
502 1826 669 1875 forma
694 1832 897 1888 potens,
931 1825 1155 1888 Cynthia
1181 1827 1336 1876 verba
1359 1825 1527 1875 levis.'

167 1913 319 1963 crede
343 1915 486 1975 mihi,
520 1916 751 1978 quamvis
780 1922 1081 1964 contemnas
1105 1930 1370 1964 murmura
1393 1916 1580 1976 famae,

57 2011 123 2052 30
238 2003 324 2051 hic
349 2003 442 2052 tibi
468 2005 678 2066 pallori,
710 2003 950 2066 Cynthia,
984 2019 1158 2054 versus
1187 2005 1300 2054 erit.

864 2374 955 2423 VI.

159 2533 282 2582 Non
306 2533 380 2583 ita
406 2534 724 2597 conplebant
745 2533 1015 2597 Ephyreae
1039 2532 1233 2583 Laidos
1257 2535 1430 2596 aedes,

234 2621 300 2669 ad
327 2622 471 2671 cuius
496 2622 654 2671 iacuit
680 2621 896 2672 Graecia
923 2630 1034 2673 tota
1059 2624 1216 2684 foreS‚
