1942 3000
279 146 389 199 256
869 149 1192 192 PROPERTH

351 307 489 355 lassa
514 306 649 355 foret
673 306 839 356 erines
867 307 1066 356 solvere
1091 307 1257 356 Roma
1281 322 1422 358 suos.

278 394 407 443 haee
433 403 569 443 certe
594 395 777 443 merito
803 403 1049 459 poterunt
1073 396 1284 445 laudare
1307 396 1546 448 minores.

349 483 609 540 laeserunt
633 483 805 532 nullos
830 485 1022 547 pocula
1048 492 1224 533 nostra
1249 485 1389 534 deos,

278 579 336 621 tu
361 571 534 632 mod0‚
568 572 689 620 dum
715 572 851 632 lieet,
882 574 1022 622 hune
1046 573 1270 622 fructum
1297 588 1362 622 ne
1393 574 1570 623 desere
1595 574 1760 624 vitae:

174 669 236 710 50
350 660 524 709 omnia
549 661 592 709 si
620 661 816 709 dederis
846 661 1041 721 oscula,
1073 677 1240 725 pauca
1264 661 1428 711 dabis,

277 763 338 798 ae
363 749 518 797 veluti
544 749 673 797 folia
697 759 900 799 arentes
924 750 1122 813 liquere
1148 752 1389 812 corollam,

349 852 482 901 quae
508 838 701 902 passim
727 837 942 887 calathis
970 845 1130 887 strata
1154 847 1334 888 natare
1356 839 1512 901 videS‚

274 926 350 976 sie
376 927 545 987 nobis,
578 926 667 989 qui
692 941 833 975 nune
857 942 1104 990 magnum
1129 928 1382 991 spiramus
1408 937 1656 989 amanteS,

346 1015 564 1065 forsitan
588 1015 819 1064 includet
845 1017 1070 1066 crastina
1093 1016 1200 1065 fata
1225 1017 1349 1067 dies,

862 1221 1181 1229 ———-

946 1455 1093 1510 XVI.

269 1635 483 1684 Praetor
507 1636 571 1684 ab
598 1635 819 1698 Illyricis
845 1635 985 1686 venit
1008 1635 1182 1698 mode,
1216 1634 1454 1700 Cynthia,
1483 1640 1649 1700 terriS,

340 1723 566 1773 maxima
591 1725 780 1787 praeda
804 1724 916 1785 tibi,
948 1725 1173 1773 maxima
1200 1741 1323 1774 eura
1346 1726 1485 1776 mihi.

268 1827 376 1861 non
403 1812 569 1876 potuit
592 1828 719 1861 saxo
745 1813 898 1861 vitam
922 1813 1160 1877 posuisse
1186 1813 1458 1865 Cerauno?

338 1902 405 1949 ah
428 1901 685 1964 Neptune,
716 1901 809 1951 tibi
836 1901 1011 1964 qualia
1037 1902 1174 1951 dona
1200 1904 1402 1954 darem!

198 1998 225 2037 5
268 2005 405 2038 nune
432 1989 543 2037 sine
569 2004 651 2038 me
676 1990 832 2053 plena
857 1991 990 2039 fiunt
1016 1992 1251 2041 convivia
1274 2007 1470 2054 mensa,

336 2078 612 2131 nunesine
635 2093 717 2128 me
742 2085 851 2129 tota
863 2080 1032 2133 ianua
1057 2089 1210 2130 noete
1235 2088 1393 2145 patet.

264 2181 440 2229 quare,
472 2166 515 2214 si
542 2166 699 2230 sapis,
733 2168 930 2217 oblatas
957 2183 1024 2219 ne
1050 2170 1225 2218 desere
1249 2185 1461 2231 messeS,

334 2261 386 2303 et
409 2255 656 2304 stolidum
681 2256 836 2319 pleno
863 2258 1050 2307 vellere
1077 2273 1231 2322 carpe
1256 2273 1441 2321 peeus:

261 2342 462 2404 deinde,
495 2344 581 2392 ubi
608 2352 913 2409 consumpto
939 2347 1151 2396 restabit
1172 2362 1384 2397 munere
1409 2364 1620 2414 pauper,

162 2439 219 2480 ιο
332 2431 414 2480 die
438 2433 566 2482 alias
591 2433 778 2482 iterum
803 2434 1010 2497 naviget
1032 2435 1254 2496 Illyrias.

261 2518 481 2582 Cynthia
506 2535 613 2570 non
640 2522 872 2584 sequitur
893 2522 1061 2572 fasces
1088 2538 1183 2572 nee
1210 2531 1355 2573 curat
1380 2525 1630 2576 honores:

329 2621 531 2671 semper
554 2617 842 2659 amatorum
866 2611 1120 2675 ponderat
1143 2612 1235 2661 illa
1258 2613 1420 2662 sinus,
