1942 3000
513 803 830 885 ALBII
892 803 1348 886 TIBULLI

653 998 849 1064 LIBER
887 996 1205 1075 QUARTUS.

903 1213 946 1261 1.

179 1408 273 1467 Te,
292 1406 558 1466 Messalla,
578 1420 776 1464 canam,
807 1420 1123 1468 quamquam
1136 1421 1217 1455 me
1232 1415 1283 1455 et
1295 1407 1505 1470 cognita
1516 1408 1675 1457 virtus

181 1504 351 1556 terret,
383 1504 440 1544 ut
464 1495 696 1543 infirmae
721 1503 982 1557 nequeant
1006 1495 1283 1545 subsistere
1307 1495 1457 1557 vires,

179 1585 426 1648 incipiam
449 1591 639 1632 tamen.
715 1598 746 1630 a
770 1583 962 1632 meritis
989 1584 1031 1632 si
1058 1584 1286 1633 carmina
1307 1585 1501 1646 laudes,

176 1673 445 1722 deficiant:
489 1672 698 1720 humilis
722 1673 879 1720 tantis
904 1673 1003 1720 sim
1030 1674 1267 1721 conditor
1291 1674 1438 1734 actis,

111 1770 136 1809 5
179 1776 275 1810 nec
299 1770 388 1809 tua
412 1769 615 1824 praeter
638 1769 688 1809 te
715 1761 905 1810 chartis
929 1762 1162 1810 intexere
1187 1761 1462 1825 quisquam

178 1850 314 1898 facta
341 1857 511 1912 queat,
545 1849 692 1899 dictis
721 1858 774 1898 ut
798 1865 905 1899 non
932 1851 1131 1899 maiore.
1155 1851 1431 1914 supersint.

179 1945 259 1987 est
283 1939 430 1987 nobis
459 1939 680 1987 voluisse
707 1939 847 1999 satis,
880 1955 977 1988 nee
1003 1954 1217 1988 munera
1242 1955 1398 2003 parva

178 2026 451 2088 respueris.
531 2026 684 2074 etiam
710 2026 921 2074 Phoebo
949 2027 1239 2088 gratissima
1265 2028 1404 2075 dona.

178 2113 303 2162 Cres
330 2115 464 2173 tulit,
498 2121 548 2162 et
574 2115 772 2162 eunetis
797 2115 1005 2163 Baccho
1030 2116 1303 2164 iucundior
1326 2116 1513 2178 hospes

2 2199 14 2221 '
76 2210 135 2251 ιο
178 2202 374 2262 Icarus,
410 2210 467 2250 ut
492 2217 621 2265 puro
648 2210 902 2251 testantur
925 2203 1095 2252 sidera
1120 2205 1265 2252 eaelo

177 2289 510 2353 Erigoneque
536 2291 800 2353 canisque,
833 2299 988 2354 neget
1012 2306 1079 2339 ne
1102 2291 1309 2355 longior
1333 2298 1491 2339 aetas.

179 2380 307 2442 quin
335 2380 485 2427 etiam
508 2379 719 2428 Alcides
748 2380 873 2428 deus
900 2380 1240 2428 adscensurus
1269 2377 1545 2442 Olympum

179 2469 316 2516 laeta
339 2468 651 2516 Molorcheis
679 2467 852 2530 posuit
876 2468 1091 2530 vestigia
1114 2469 1282 2526 tectis,

179 2571 440 2619 parvaque
462 2556 699 2605 caelestis
726 2556 947 2619 placavit
970 2556 1121 2614 mica,
1158 2570 1255 2604 nec
1279 2555 1383 2604 illis

76 2654 136 2694 15
182 2659 383 2708 semper
408 2645 648 2693 inaurato
673 2652 850 2694 taurus
879 2645 1015 2693 cadit
1037 2644 1207 2692 hostia
1232 2659 1412 2693 cornu.

1265 2751 1358 2798 12·
