1942 3000
299 157 407 212 222
885 160 1212 203 PROPERTH

202 326 258 365 15
299 318 387 366 ille
413 332 554 366 meos
580 332 861 380 numquam
887 317 1080 379 patitur
1104 316 1425 379 requiescere
1448 323 1640 379 poste8‚

369 413 550 468 arguta
574 406 799 454 referens
826 406 1055 453 carmina
1081 404 1349 453 blanditia.

297 494 470 542 ‘ianua
495 495 574 543 vel
602 494 810 542 domina
834 494 1039 556 penitus
1067 494 1323 541 crudelior
1346 494 1476 555 ipsa,

370 582 495 645 quid
517 582 640 631 mihi
663 590 768 631 tam
793 582 933 630 duris
962 583 1138 630 clausa
1163 590 1302 631 taces
1330 581 1565 630 foribus?

298 683 389 718 cur
412 686 693 734 numquam
717 677 943 719 reserata
966 685 1109 718 meos
1136 671 1360 719 admittis
1387 684 1606 729 amoreS,

194 766 255 807 20
368 760 542 808 nescia
568 760 775 807 furtivas
803 760 1014 807 reddere
1041 766 1181 806 mota
1205 759 1420 821 preces?

296 848 507 897 nullane
532 848 645 897 finis
672 848 767 896 erit
793 854 969 895 nostro
999 861 1244 895 concessa
1276 847 1462 906 dolori,

364 936 518 985 tristis
547 943 595 984 et
620 937 673 984 in
700 937 874 999 tepido
900 936 1079 984 limine
1105 950 1315 983 somnus
1342 935 1471 983 erit?

293 1039 375 1074 me
399 1025 597 1073 mediae
623 1033 818 1085 noctes,
850 1039 931 1073 me
956 1024 1124 1073 sidera
1147 1038 1315 1087 prona
1339 1024 1614 1085 iacentem,

366 1112 652 1176 frigidaque
680 1128 775 1161 eoo
802 1127 883 1161 me
909 1114 1050 1161 dolet
1074 1127 1199 1160 aura
1224 1112 1372 1174 gelu:

191 1208 251 1249 25
293 1208 349 1249 tu
375 1201 488 1250 sola
513 1201 766 1250 humanos
793 1216 1074 1263 numquam
1098 1201 1340 1249 miserata
1372 1201 1574 1249 dolores

363 1290 642 1352 respondes
670 1290 838 1337 tacitis
862 1296 1040 1337 mutua
1067 1289 1378 1337 cardinibus.

293 1392 322 1425 o
350 1378 549 1425 utinam
574 1378 787 1425 traiecta
813 1392 936 1426 cava
960 1392 1076 1425 mea
1100 1378 1285 1426 vocula
1310 1378 1440 1425 rima

363 1480 629 1529 percussas
656 1467 897 1515 dominae
921 1473 1083 1515 vertat
1106 1465 1160 1514 in
1187 1466 1472 1515 auriculas!

295 1555 361 1604 sit
384 1555 507 1603 lieet
532 1563 581 1603 et
606 1570 733 1604 saxo
759 1555 1037 1618 patientior
1062 1555 1154 1603 illa
1180 1554 1388 1614 Sican0,

192 1652 252 1693 30
365 1644 427 1691 sit
451 1644 573 1692 licet
598 1652 648 1692 et
672 1645 808 1692 ferro
834 1644 1011 1692 durior
1036 1651 1087 1692 et
1113 1644 1354 1705 chalybe:

292 1747 399 1781 non
425 1741 597 1781 tamen
621 1733 714 1780 illa
737 1747 860 1781 suos
890 1733 1078 1794 poterit
1103 1745 1412 1794 conpescere
1438 1731 1651 1790 ocelim,

365 1830 540 1882 surget
564 1829 612 1870 et
634 1821 807 1869 invitis
833 1820 1038 1883 spiritus
1065 1821 1120 1868 in
1146 1819 1390 1868 lacrimis.

294 1924 432 1957 nunc
456 1910 590 1957 iacet
615 1909 826 1957 alterius
853 1908 994 1957 felici
1027 1907 1152 1956 nixa
1175 1909 1368 1957 lacerto
1389 1925 1400 1956 z

364 2006 417 2045 at
441 2012 556 2046 mea
582 2004 836 2045 nocturno
864 1997 1018 2044 verba
1043 1998 1233 2045 eadunt
1258 1997 1496 2059 zephyro·

191 2092 250 2133 35
294 2086 383 2133 sed
409 2093 464 2133 tu
489 2087 602 2134 sola
625 2086 744 2145 mei,
776 2093 833 2133 tu
857 2086 1083 2133 maxima
1109 2101 1264 2134 causa
1288 2084 1497 2144 dolorm,

367 2175 500 2222 victa
521 2174 649 2223 meis
676 2189 974 2238 numquam,
1006 2175 1179 2222 ianua.
1211 2174 1525 2222 muneribus,

293 2267 342 2308 te
368 2276 473 2308 non
499 2262 606 2309 ulla
630 2277 776 2312 meae
801 2264 951 2312 laesit
977 2262 1265 2326 petulantia
1290 2263 1515 2324 linguae,

368 2363 500 2409 quae
527 2351 660 2399 solet
685 2352 888 2413 ingrato
918 2352 1090 2399 dicere
1114 2358 1276 2399 taetra
1301 2351 1438 2411 1000,

293 2442 349 2482 ut
373 2449 454 2483 me
479 2444 584 2484 tam
609 2439 767 2501 longa
791 2454 1004 2488 raucum
1030 2439 1224 2502 patiare
1249 2440 1482 2503 querella

190 2533 252 2572 40
366 2525 616 2575 sollicitas
642 2527 789 2575 trivio
817 2528 1120 2590 pervigilare
1143 2542 1330 2576 moras.

294 2621 346 2661 at
369 2614 460 2661 tibi
487 2629 640 2677 saepe
666 2629 800 2663 novo
827 2616 1015 2664 deduxi
1043 2616 1272 2665 earmina
1295 2629 1461 2672 versa,
