1942 3000
54 979 107 1020 10

50 1422 107 1463 15

43 1864 104 1905 20

36 2307 100 2348 25

772 162 955 235 Lmen
986 197 1026 234 1.
1550 196 1652 246 145

149 361 260 400 tum
287 353 466 400 caedes
493 352 760 401 hominum
786 352 978 414 generi,
1010 360 1118 401 tum
1144 354 1342 417 proelia
1368 364 1505 414 nata,

222 449 331 488 tum
357 441 559 489 brevior
584 440 724 489 dirae
750 441 928 489 mortis
954 450 1134 504 aperta
1160 442 1305 491 viast.

150 543 218 576 an
244 529 371 577 nihil
397 529 488 578 ille
512 529 667 577 miser
690 529 895 588 meruit,
927 545 1024 578 nos
1052 530 1116 577 ad
1143 531 1279 578 mala
1304 539 1483 580 nostra

222 618 463 667 vertimus
488 618 543 666 in
571 632 747 667 saevas
773 618 912 680 quod
940 618 1079 666 dedit
1102 619 1189 667 ille
1216 619 1349 668 feras
1367 620 1390 667 Ρ

150 705 319 754 divitis
347 706 446 755 hoc
472 706 649 755 vitium
674 714 751 755 est
775 707 904 765 auri,
941 721 1038 755 nee
1067 709 1202 756 bella
1229 708 1453 767 fuerunt,

221 794 428 858 faginus
454 796 689 844 adstabat
716 810 833 843 cum
858 795 1082 858 scyphus
1108 804 1228 843 ante
1255 797 1432 859 dapes.

147 897 258 931 non
284 898 446 943 arceS,
480 898 586 932 non
614 884 777 931 vallus
804 890 927 942 erat,
958 898 1299 946 somnumque
1328 886 1532 947 petebat

222 985 429 1020 securus
458 971 622 1019 varias
649 972 754 1019 dux
779 972 949 1034 gregis
976 972 1109 1020 inter
1136 987 1276 1021 oveS.

148 1067 261 1108 tum
285 1060 409 1107 mihi
435 1060 537 1107 vita
562 1060 712 1119 foret,
743 1061 899 1123 vulgo
928 1075 1023 1109 nee
1048 1061 1212 1109 tristia
1238 1075 1447 1110 nossem

221 1163 364 1196 arma
388 1162 486 1196 nec
511 1148 767 1197 audissem
794 1149 946 1197 eorde
971 1149 1195 1197 micante
1217 1151 1420 1197 tubam:

147 1252 292 1285 nune
317 1237 380 1284 ad
407 1237 546 1285 bella
570 1238 759 1291 trahor,
794 1245 844 1285 et
868 1237 971 1285 iam
1000 1237 1112 1300 quis
1140 1238 1357 1286 forsitan
1384 1237 1544 1285 hostis

221 1325 440 1374 haesura
461 1325 515 1372 in
541 1335 716 1374 nostro
743 1327 846 1374 tela
872 1326 1003 1388 gerit
1028 1327 1205 1373 latere.

147 1414 238 1463 sed
265 1414 414 1477 patrii
440 1422 635 1462 servate
663 1415 824 1461 lares:
867 1414 1069 1462 aluistis
1098 1421 1148 1461 et
1170 1413 1320 1470 idem,

223 1517 482 1552 eui-sarem
506 1511 707 1552 vestros·
728 1519 844 1551 eum
870 1511 1015 1551 tener
1039 1512 1158 1550 ante
1185 1503 1356 1566 pedeS.

147 1606 252 1640 neu
278 1592 468 1655 pudeat
492 1592 663 1654 prisco
690 1607 780 1640 vos
805 1606 919 1640 esse
943 1606 972 1639 e
999 1591 1171 1654 stipite
1197 1590 1391 1639 factos:

219 1680 294 1729 sie
320 1680 501 1729 veteris
526 1681 672 1728 sedes
699 1681 987 1729 incoluistis
1014 1680 1113 1727 avi.

146 1776 256 1816 tum
282 1769 464 1817 melius
490 1777 699 1817 tenuere
724 1770 892 1828 fidem,
928 1784 1044 1817 cum
1070 1781 1295 1831 paupere
1321 1768 1464 1816 cultu

218 1858 387 1905 stabat
412 1857 465 1904 in
494 1857 681 1919 exigua
708 1858 912 1920 ligneus
939 1858 1065 1905 aede
1091 1857 1235 1904 deus.

146 1945 231 1993 hie
257 1946 492 2009 placatus
519 1953 643 2004 erat,
677 1960 768 1994 seu
793 1947 908 2009 quis
935 1947 1182 1994 libaverat
1205 1959 1357 1992 uvam

217 2047 308 2081 seu
335 2033 542 2081 dederat
564 2042 771 2082 sanctae
797 2035 968 2098 spicea
996 2042 1129 2083 serta
1156 2047 1363 2081 comae:

145 2129 304 2183 atque
330 2122 518 2184 aliquis
547 2122 652 2170 voti
681 2137 891 2185 compos
919 2124 1025 2172 liba
1050 2123 1161 2185 ipse
1184 2123 1380 2170 ferebat

219 2217 440 2272 postque
465 2224 635 2258 comes
662 2226 847 2272 purum
873 2212 978 2259 filia
1005 2226 1161 2273 parva
1186 2211 1376 2257 favum.

145 2306 200 2346 at
225 2298 373 2346 nobis
400 2307 590 2359 aerata,
624 2300 773 2357 lareS‚
807 2298 1047 2362 depellite
1073 2300 1193 2358 tela,

217 2387 489 2449 hostiaque
515 2402 543 2435 e
568 2388 722 2450 plena
748 2387 936 2435 rustica
961 2402 1148 2451 porcus
1175 2388 1314 2435 hara.

145 2475 280 2523 hanc
308 2491 436 2538 pura
461 2491 579 2524 cum
605 2485 742 2524 veste
765 2490 952 2539 sequar
974 2484 1246 2539 myrtoque
1271 2476 1493 2523 canistra

217 2564 390 2612 vineta
415 2579 606 2626 geram,
639 2573 802 2627 myrto
828 2565 1025 2613 vinetus
1054 2573 1104 2612 et
1129 2564 1238 2627 ipse
1266 2572 1435 2626 caput.

145 2654 219 2701 sie
244 2654 477 2716 placeam
501 2653 674 2701 vobis:
718 2653 848 2701 alius
875 2653 941 2701 sit
967 2653 1115 2701 fortis
1142 2653 1196 2700 in
1222 2652 1393 2710 armiS‚

148 2755 289 2791 Tibull.
338 2754 399 2789 ed.
419 2754 464 2789 ΙΙ.
1256 2767 1315 2806 ¹0
