1942 3000
106 868 166 908 10

110 2460 169 2501 10

865 172 1060 210 LIBER.

211 326 349 376 soles
377 327 612 376 occidere
637 336 689 376 et
713 328 877 377 redire
902 338 1150 391 possuntt

211 417 382 475 nobie,
415 431 532 465 cum
559 418 719 466 semel
746 417 935 465 occidit
961 419 1127 468 brevis
1153 418 1262 478 lux,

209 520 319 553 nox
347 513 425 553 est
449 514 697 569 perpetua
723 521 830 554 una
856 506 1172 555 dormienda.

211 594 277 642 da
302 594 372 641 mi
399 594 543 642 basia
567 594 726 654 mille,
759 594 945 644 deinde
971 604 1194 656 eentum,

210 682 329 730 dein
357 682 498 731 mille
524 683 703 743 altera,
740 683 860 731 dein
884 683 1112 732 secunda
1137 692 1361 744 centum,

209 771 398 819 deinde
423 786 587 834 usque
611 772 773 820 altera
797 772 957 833 mille,
991 772 1175 822 deinde
1202 780 1423 822 centum.

210 860 350 920 dein,
384 874 500 908 cum
523 860 666 908 milia
689 862 852 909 multa
882 861 1173 922 fecerimuS,

211 949 634 998 conturbabimus
662 949 770 1008 illa,
803 964 870 999 ne
894 951 1135 1009 sciamus,

212 1044 305 1085 aut
328 1037 512 1099 nequis
539 1038 706 1086 malus
732 1038 961 1087 invidere
987 1039 1169 1101 possit,

212 1141 331 1174 cum
355 1132 555 1174 tantum
580 1126 711 1174 sciat
737 1141 850 1175 esse
876 1128 1155 1176 basiorum.

804 1348 1123 1355 *0—

910 1497 1001 1546 VI.

210 1655 369 1714 Flavi,
401 1656 610 1705 delicias
637 1665 750 1705 tuas
779 1656 1006 1716 Catulle,

208 1744 265 1792 ni
292 1744 401 1792 sint
423 1745 683 1809 inlepidae
709 1754 863 1809 atque
888 1747 1228 1811 ineleganteS,

212 1833 368 1881 velles
395 1833 580 1893 dicere,
611 1849 708 1883 nec
733 1842 904 1884 tacere
930 1850 1127 1898 posses.

209 1936 387 1970 verum
412 1923 590 1972 nescio
621 1924 744 1986 quid
769 1924 1069 1973 febriculosi

210 2010 368 2058 scorti
394 2010 593 2074 diligis:
636 2011 735 2060 hoc
761 2012 918 2075 pudet
943 2012 1109 2061 fateri.

209 2113 332 2146 nam
360 2105 410 2146 te
436 2113 542 2147 non
568 2099 745 2147 viduas
774 2101 942 2148 iacere
969 2109 1148 2149 noctes

210 2187 528 2248 nequiquam
553 2187 765 2236 tacitum
790 2188 960 2236 cubile
986 2188 1177 2236 clamat

211 2275 359 2323 sertis
386 2289 447 2323 ac
474 2272 624 2337 Syrio
652 2274 885 2337 fragrans
912 2276 1070 2334 olivo,

209 2363 556 2427 pulvinusque
581 2377 837 2426 peraeque
864 2370 914 2412 et
937 2363 1020 2412 hic
1046 2371 1096 2412 et
1118 2364 1207 2412 ille

211 2452 431 2511 attritus,
462 2452 770 2514 tremulique
799 2467 987 2514 quassa
1010 2452 1128 2500 lecti

209 2540 469 2604 argutatio
495 2540 954 2603 inambulatioque.

210 2644 331 2677 nam
357 2629 431 2678 nil
457 2637 635 2693 stupra
659 2629 810 2687 valet,
842 2629 993 2686 nihil,
1024 2635 1211 2676 tacere.
