1942 3000
784 170 962 210 unna
994 169 1057 209 v.
1566 167 1671 217 355

177 323 318 371 solve
335 324 482 371 'metu
507 322 740 386 patriam,
774 339 908 386 quae
931 340 1072 374 nunc
1098 333 1146 374 te
1172 325 1374 373 vindice
1399 324 1531 375 freta

245 412 475 475 inposuit
501 426 687 476 prorae
712 413 918 474 publiea
942 420 1062 461 vota
1087 422 1223 462 tuae.

178 515 332 563 quam
357 500 457 548 nisi
484 499 746 559 defendeS‚
778 516 1042 549 murorum
1065 502 1316 551 Romulus
1341 517 1509 564 augur

248 588 323 635 ire
348 587 611 636 Palatinas
639 603 746 636 non
772 591 902 638 bene
926 590 1051 638 vidit
1074 604 1209 638 aves.

72 686 136 725 45
178 683 228 724 et
252 675 468 723 nimium
493 676 643 723 remis
670 676 859 724 audent
883 691 1062 740 prope.
1142 685 1291 741 turpe
1317 676 1533 726 Latinos

248 764 481 827 principe
504 771 555 811 te
580 764 762 811 fluctus
789 765 932 827 regia
956 765 1070 813 vela
1095 766 1218 827 pati.

177 866 275 900 nec
302 859 370 911 te,
403 851 540 914 quod
567 852 745 899 elassis
773 853 1004 900 centenis
1031 853 1246 915 remiget
1269 852 1384 913 alis,

248 947 463 989 terreat:
505 939 666 987 invito
693 940 885 988 labitur
909 941 1002 989 illa
1026 941 1172 989 mari.

180 1028 423 1091 quodque
448 1028 639 1077 vehunt
662 1041 848 1090 prorae
874 1026 1185 1076 Centaurica
1211 1042 1338 1076 saxa
1361 1011 1635 1088 minantes,

74 1125 138 1166 50
249 1117 394 1179 tigna
418 1131 543 1165 cava
569 1122 620 1164 et
644 1116 812 1178 pictos
840 1116 1102 1178 experiere
1127 1123 1309 1164 metus.

182 1204 375 1267 frangit
399 1212 449 1253 et
471 1204 661 1252 attollit
684 1204 816 1252 vires
842 1204 897 1251 in
921 1204 1086 1253 milite
1113 1217 1298 1264 causa3

254 1308 387 1356 quae
413 1293 510 1341 nisi
537 1293 673 1341 iusta
699 1294 892 1352 subest,
927 1293 1121 1341 excutit
1145 1307 1286 1341 arma
1311 1291 1491 1355 pudor.

183 1390 382 1444 tempus
409 1381 573 1442 adest,
606 1382 865 1430 committe
889 1389 1051 1430 rates:
1096 1396 1192 1443 ego
1219 1380 1464 1443 temporis
1488 1386 1668 1427 auctor

254 1470 437 1519 ducam
462 1470 717 1532 laurigera
741 1469 875 1518 Iulia
899 1477 1068 1518 rostra
1090 1469 1288 1517 manu.³

78 1568 141 1610 55
184 1559 398 1617 dixerat,
433 1566 484 1607 et
508 1559 774 1621 pharetrae
799 1559 1000 1620 pondus
1029 1557 1286 1606 consumit
1309 1555 1366 1603 in
1391 1569 1567 1603 arcus:

254 1647 491 1711 proxima
516 1653 635 1709 post
659 1660 807 1694 arcus
836 1645 1073 1695 Caesaris
1099 1645 1249 1693 hasta
1274 1643 1387 1692 fuit.

182 1736 341 1785 vincit
363 1735 530 1784 Roma
557 1734 655 1783 fide
679 1734 905 1782 Phoebi:
950 1733 1039 1781 dat
1064 1732 1256 1780 femina
1280 1745 1505 1795 poenas:

257 1833 458 1889 sceptra
484 1838 576 1887 per
600 1823 776 1872 Ionias
802 1822 965 1869 fracta
991 1821 1243 1869 vehuntur
1267 1833 1448 1882 aquaS.

185 1920 236 1961 at
259 1922 405 1976 pater
429 1912 594 1961 Idalio
620 1911 833 1959 miratur
860 1908 1053 1958 Caesar
1077 1909 1141 1956 ab
1168 1915 1336 1963 astro:

77 2010 142 2051 60
253 2002 394 2050 ‘sum
418 2000 569 2048 deus:
615 2013 678 2047 en
706 1998 871 2046 nostri
896 1996 1164 2058 sanguinis
1189 1995 1288 2043 ista
1315 1993 1480 2041 fides.³

186 2089 516 2153 prosequitur
542 2093 696 2136 cantu
720 2085 922 2144 Triton,
955 2097 1237 2146 omnesque
1260 2082 1489 2130 marinae

256 2178 557 2239 plauserunt
582 2175 720 2222 circa
743 2174 907 2221 libera
932 2172 1084 2234 signa
1109 2171 1250 2218 deae.

184 2265 277 2313 illa
301 2264 430 2327 petit
451 2263 627 2311 Nilum
652 2262 833 2324 cymba
856 2262 991 2309 male
1018 2260 1142 2308 nixa
1166 2258 1358 2321 fugaci,

255 2352 357 2399 hoc
384 2365 559 2410 unum,
590 2349 732 2398 iusso
759 2364 864 2397 non
891 2344 1140 2397 moritura
1166 2346 1262 2394 die.

74 2449 143 2489 65
184 2439 236 2486 di
262 2438 477 2497 melius!
519 2444 739 2500 quantus
766 2436 949 2484 mulier
973 2436 1109 2483 foret
1133 2448 1236 2482 una
1259 2432 1565 2494 triumphuS‚

258 2527 439 2575 ductus
467 2534 576 2574 erat
599 2539 691 2588 per
716 2539 843 2587 quas
869 2532 989 2572 ante
1011 2522 1261 2586 Iugurtha
1285 2521 1418 2568 vias!

183 2615 366 2664 Aetius
394 2614 514 2662 hinc
539 2613 694 2662 traxit
717 2613 955 2662 Phoebus
984 2617 1335 2669 monumenta,
1374 2607 1513 2670 quod
1539 2606 1647 2655 eius

1265 2716 1362 2763 23*
