1942 3000
27 183 30 220 ἦ,
804 154 986 191 LIBER
1014 154 1075 191 v.
1585 151 1694 202 345

27 229 30 270 Ι

102 317 160 357 30
268 310 415 371 siqua
440 310 618 358 relicta
643 310 832 369 iacent,
864 310 1074 360 osculor
1096 325 1240 357 arma
1265 318 1371 359 tua.

199 407 305 447 tum
331 394 518 461 queror
541 400 596 447 in
623 407 734 448 toto
761 413 868 447 non
894 399 1062 447 sidere
1087 400 1247 461 pallia
1272 401 1427 459 lecto,

266 487 396 535 lucis
424 495 474 535 et
497 495 731 536 auctores
759 502 864 535 non
893 488 1014 536 dare
1041 502 1245 538 carmen
1272 503 1406 538 aveS.

197 576 431 624 noctibus
458 576 684 624 hibernis
712 576 991 624 castrensia
1016 590 1178 638 pensa
1202 577 1385 626 laboro

27 649 30 700 ⁵
269 672 318 712 et
340 665 497 725 Tyria
519 666 573 711 in
601 665 773 712 radios
799 665 990 712 vellera
1014 673 1155 712 secta
1181 679 1322 713 suos.

96 759 156 802 35
197 762 246 801 et
270 753 413 801 disco
441 768 543 816 qua
570 760 715 815 parte
740 754 865 800 fluat
888 752 1168 801 vincendus
1194 754 1413 811 Araxe8‚

267 849 395 904 quot
418 843 529 890 sine
554 858 690 904 aqua
715 842 933 890 Parthus
960 842 1107 889 milia
1129 849 1302 889 currat
1329 856 1508 904 equus.

196 945 357 992 cogor
382 938 431 978 et
458 944 485 978 e
510 931 687 978 tabula
713 930 876 993 pictos
904 931 1131 978 ediscere
1164 931 1403 990 mundOS‚

267 1019 433 1080 qualis
462 1025 510 1066 et
535 1019 660 1067 haec
687 1019 822 1066 docti
848 1019 915 1066 sit
939 1020 1173 1081 positura
1197 1019 1296 1078 dei,

195 1120 328 1167 quae
353 1107 506 1154 tellus
534 1107 600 1155 sit
624 1108 764 1155 lenta
789 1106 927 1168 gelu,
960 1121 1094 1169 quae
1119 1108 1281 1169 putris
1308 1108 1374 1155 ab
1400 1114 1567 1166 aestu,

88 1204 110 1242 -ι
126 1202 151 1242 0
264 1202 445 1243 ventus
470 1195 526 1242 in
551 1196 756 1243 Italiam
783 1194 870 1257 qui
898 1195 1029 1242 bene
1055 1195 1165 1242 vela
1189 1194 1337 1244 ferat.
1377 1235 1381 1239 .

27 1267 30 1272 ⁴
194 1282 390 1330 adsidet-
416 1298 519 1330 una
544 1297 708 1340 soror,
742 1283 875 1330 curis
902 1291 954 1330 et
979 1283 1175 1344 pallida
1199 1283 1374 1330 nutrix

265 1370 458 1431 peierat
484 1370 684 1418 hiberni
709 1371 951 1433 temporis
981 1384 1094 1418 esse
1117 1384 1306 1418 moras,

191 1456 320 1506 felix
344 1451 676 1520 Hippolytes
692 1459 833 1507 nuda
856 1458 974 1507 tulit
998 1472 1140 1506 arma
1164 1458 1360 1521 papilla

267 1553 316 1593 et
341 1547 470 1594 texit
494 1548 642 1608 galea
667 1548 885 1595 barbara
910 1548 1070 1595 molle
1094 1555 1266 1610 caput.

84 1643 108 1682 4
125 1641 149 1681 5
191 1631 438 1681 Romanis
466 1634 664 1682 utinam
689 1635 976 1696 patuissent
1002 1642 1170 1682 castra
1195 1635 1412 1697 puellis!

264 1736 429 1770 essem
451 1722 664 1769 militiae
690 1722 892 1770 sarcina
918 1722 1020 1769 fida
1044 1729 1180 1782 tuae,

191 1825 289 1858 nec
314 1825 395 1858 me
419 1811 680 1858 tardarent
706 1809 941 1870 Scythiae
965 1809 1104 1872 iuga,
1139 1825 1256 1857 cum
1281 1816 1428 1872 pater
1451 1810 1581 1858 altas

262 1898 473 1946 tetricus
499 1899 554 1946 in
581 1899 799 1960 glaciem
826 1898 1018 1960 frigore
1043 1898 1204 1946 nectit
1229 1913 1407 1959 aquas.

190 1987 359 2034 omnis
386 2001 532 2033 amor
555 2001 792 2048 magnus,
825 1987 913 2034 sed
939 1994 1120 2049 aperto
1147 1986 1201 2033 in
1229 1986 1448 2048 coniuge
1475 1987 1670 2034 maior:

82 2084 145 2125 50
265 2076 403 2123 hanc
427 2075 624 2135 VenUS,
656 2082 713 2122 ut
737 2075 885 2132 vivat,
919 2075 1132 2123 ventilat
1156 2075 1269 2137 ipsa
1294 2076 1475 2123 facem.

186 2179 311 2212 nam
336 2163 461 2211 mihi
489 2164 629 2226 quo?
665 2163 853 2211 Poenis
881 2163 974 2211 tibi
1001 2178 1232 2225 purpura
1256 2163 1452 2225 fulgeat
1476 2165 1626 2212 ostris

260 2254 634 2315 crystallusque
659 2267 797 2300 meas
827 2258 976 2299 ornet
1001 2266 1198 2314 aquosa
1225 2267 1426 2300 manus.

101 2391 106 2395 ,
186 2340 363 2389 omnia
388 2340 542 2387 surda
568 2346 757 2398 tacent,
790 2338 1021 2400 rarisque
1046 2339 1258 2386 adsueta
1282 2340 1516 2388 kalendis

257 2427 343 2473 vix
368 2427 532 2489 aperit
557 2427 760 2474 clausos
788 2440 893 2473 una
919 2421 1094 2487 puella
1119 2427 1267 2473 lares.

73 2525 138 2565 55
185 2515 472 2565 Glaucidos
500 2523 550 2563 et
575 2515 775 2563 catulae
800 2529 901 2561 vox
926 2522 1006 2562 est
1029 2514 1150 2561 mihi
1175 2520 1321 2576 grata
1346 2516 1632 2576 querentis:

257 2604 350 2652 illa
374 2604 449 2652 tui
475 2612 671 2668 partem
696 2604 919 2651 vindieat
944 2617 1047 2651 una
1072 2610 1204 2650 toro,
