1942 3000
292 181 398 230 310
878 179 1201 219 paors-mn

189 348 252 389 20
365 340 555 388 luxerit
581 346 631 387 et
654 345 763 386 tota
788 338 994 386 flamma
1020 336 1247 384 secunda
1272 336 1443 394 dom0‚

293 428 361 477 sit
383 442 592 476 mensae
618 428 770 487 ratio,
803 440 1011 490 noxque
1036 426 1170 473 inter
1194 425 1383 487 pocula
1410 431 1596 482 canat,

367 524 416 565 et
443 517 652 565 crocino
680 517 817 564 naris
844 528 1074 562 murreus
1105 521 1263 576 ungat
1289 528 1444 575 onyX.

294 607 420 654 tibia
447 606 712 654 nocturnis
741 604 1041 653 succumbat
1066 617 1222 650 rauca
1249 602 1466 662 choreis,

366 701 416 742 et
441 693 544 741 sint
570 693 830 756 nequitiae
855 692 1016 739 libera
1042 691 1195 739 verba
1220 698 1356 749 tuae,

191 791 252 831 25
295 782 570 845 dulciaque
594 781 824 844 ingratos
852 780 1083 828 adimant
1109 779 1341 827 convivia
1368 791 1595 836 somnOS,

366 871 575 935 publica
598 871 798 918 vicinae
824 876 1110 932 perstrepat
1133 883 1259 916 aura
1284 868 1414 916 viae.

294 960 360 1008 sit
384 975 495 1008 sors
524 966 573 1007 et
598 959 746 1007 nobis
772 958 994 1006 talorum
1019 958 1296 1020 interprete
1321 956 1478 1014 iactu,

366 1062 519 1111 quem
547 1047 782 1109 gravibus
810 1046 995 1109 pennis
1021 1047 1249 1093 verberet
1272 1045 1361 1092 ille
1387 1059 1530 1108 puer.

297 1152 412 1185 cum
437 1135 594 1184 fuerit
616 1136 789 1183 multis
818 1142 999 1183 exacta
1024 1134 1297 1181 trientibus
1323 1134 1469 1192 hora,

190 1231 252 1274 30
367 1224 532 1275 noetis
560 1230 611 1271 et
634 1224 868 1272 instituet
892 1237 1040 1272 sacra
1062 1223 1300 1270 ministra
1324 1222 1520 1281 Venm,

294 1326 467 1360 annua
493 1312 751 1359 solvamus
777 1311 1005 1359 thalamo
1033 1310 1304 1359 sollemnia
1331 1317 1530 1368 nostr0‚

367 1400 658 1462 natalisque
681 1399 756 1447 tui
782 1399 855 1448 sic
881 1413 1190 1463 peragamus
1218 1399 1330 1447 iter.

993 1839 1086 1885 XI.

291 2019 429 2079 Quid
455 2017 660 2075 mirare,
690 2030 859 2064 meam
885 2016 929 2064 si
954 2021 1124 2064 versat
1147 2015 1339 2063 femina
1366 2015 1521 2062 vitam

367 2114 416 2155 et
441 2105 883 2177 trahinaddictum
908 2106 1004 2153 sub
1031 2120 1128 2153 sua
1152 2106 1266 2154 iura
1291 2106 1470 2163 virum,

293 2194 612 2257 criminaque
640 2194 813 2255 ignavi
840 2194 1020 2256 capitis
1048 2194 1173 2242 mihi
1200 2194 1369 2256 turpia
1397 2191 1562 2253 fingiS‚

364 2282 505 2345 quod
530 2297 785 2345 nequeam
810 2282 973 2331 fracto
1001 2297 1237 2345 rumpere
1263 2281 1430 2328 vincla
1455 2276 1614 2339 iugo?

210 2377 251 2416 ’5
293 2378 558 2419 venturam
582 2371 763 2420 melius
792 2371 1054 2432 praesagit
1078 2371 1245 2418 navita
1274 2376 1492 2426 noctem,

365 2460 662 2508 vulneribus
690 2459 868 2507 didicit
893 2459 1039 2506 miles
1067 2458 1258 2505 habero
1282 2466 1491 2506 metum.

289 2546 390 2594 ista
418 2562 514 2610 ego
542 2548 816 2611 praeterita
840 2546 1024 2594 iactavi
1050 2547 1205 2593 verba
1232 2547 1471 2596 iuventa:

363 2642 420 2682 tu
447 2650 584 2684 nunc
612 2636 846 2698 exemplo
874 2634 1016 2682 disce
1043 2633 1227 2684 timere
1253 2651 1387 2686 meo·
