1942 3000
70 308 129 349 20

66 751 130 796 25

67 1284 129 1325 30

68 1989 126 2031 35

65 2521 122 2563 ⁴0

827 142 1023 181 umen.
1603 140 1672 190 ⁸7

170 300 423 362 Hespero,
456 300 545 362 qui
571 299 716 348 caelo
743 298 907 348 fertur
931 299 1187 348 crudelior
1212 300 1347 362 ignis
1364 300 1387 347 ’ἓ

172 389 264 452 qui
291 397 466 436 natam
491 387 658 449 possis
684 389 944 450 conplexu
969 387 1192 436 avellere
1215 388 1410 447 matris,

170 479 436 543 conplexu
461 478 636 527 matris
663 477 966 526 retinentem
992 478 1211 529 avellere
1237 486 1429 538 natam,

171 576 224 617 et
247 568 421 617 iuveni
449 568 646 616 ardenti
672 576 867 616 castam
893 568 1087 616 donare
1113 568 1353 631 puellam.

172 657 300 721 quid
324 657 524 706 faciunt
547 656 718 705 hostes
746 664 899 719 capta
922 656 1180 705 crudelius
1207 657 1369 706 urbe?

169 747 374 808 Hymen
403 761 433 794 0
459 746 771 807 Hymenaee,
803 745 1003 808 Hymen
1030 745 1153 794 ades
1181 761 1212 794 o
1238 746 1550 808 Hymenaee.

169 922 421 985 Hespere,
455 922 543 984 qui
571 923 716 971 caelo
742 923 880 971 lucet
904 922 1181 971 iucundior
1203 922 1375 986 ignis?

173 1010 265 1074 qui
292 1011 550 1073 desponsa
574 1019 664 1059 tua
688 1011 857 1061 firmes
885 1011 1109 1060 conubia
1135 1011 1355 1070 flamma,

171 1114 310 1162 quae
335 1099 578 1161 pepigere
601 1099 713 1159 viri,
745 1099 1054 1163 pepigerunt
1077 1107 1197 1149 ante
1221 1109 1475 1162 parentes,

170 1201 271 1235 nee
296 1186 511 1236 iunxere
537 1187 678 1250 prius
705 1203 861 1250 quam
887 1202 942 1237 se
967 1196 1084 1238 tuus
1113 1189 1296 1238 extulit
1320 1189 1490 1238 ardor.

172 1276 298 1339 quid
326 1276 476 1323 datur
500 1291 532 1324 a
558 1276 685 1324 divis
711 1276 851 1325 felici
876 1278 1100 1340 optatius
1128 1278 1290 1326 hora?

170 1364 375 1426 Hymen
402 1379 433 1412 ο
461 1365 773 1426 Hymenaee,
806 1365 1007 1426 Hymen
1034 1365 1155 1414 ades
1184 1380 1215 1413 o
1243 1367 1555 1428 Hymenaee.

169 1542 434 1604 Hesperus
463 1558 490 1590 e
515 1543 684 1603 nobis,
717 1544 978 1605 aequales,
1011 1545 1224 1593 abstulit
1252 1560 1421 1594 unam.

421 1632 447 1660 ⁸0·
872 1633 899 1661 *
1324 1635 1351 1663 *

418 1751 446 1781 *
870 1753 897 1781 *
1322 1756 1350 1784 ὴ

168 1821 396 1870 namque
420 1815 510 1855 tuo
537 1809 756 1857 adventu
780 1810 960 1873 vigilat
987 1810 1221 1859 custodia
1245 1825 1462 1874 semper.

169 1903 325 1944 nocte
351 1896 515 1944 latent
538 1897 696 1957 fures,
730 1912 861 1960 quos
887 1899 1023 1947 idem
1049 1913 1206 1962 saepe
1231 1907 1505 1957 revertens,

167 1983 417 2045 Hespere,
449 1993 645 2033 mutato
672 1988 980 2050 conprendis
1008 1989 1216 2037 nomine
1241 1990 1463 2037 eosdem.

166 2080 221 2120 at
245 2073 373 2121 libet
396 2073 627 2136 innuptis
655 2076 775 2123 ficto
800 2083 852 2124 te
877 2090 1088 2139 carpere
1113 2085 1316 2140 questu.

167 2161 293 2223 quid
320 2169 447 2221 tum,
480 2161 526 2210 si
552 2172 784 2226 carpunt,
818 2165 977 2213 tacita
1002 2180 1155 2228 quem
1179 2172 1348 2215 mente
1373 2167 1676 2230 requirunt?

164 2250 374 2313 Hymen
402 2265 433 2298 o
458 2251 774 2312 Hymenaee,
806 2254 1006 2315 Hymen
1032 2256 1153 2304 ades
1181 2270 1213 2303 o
1239 2256 1551 2317 Hymenaee.

163 2433 223 2475 ut
248 2426 346 2475 fios
374 2427 430 2473 in
455 2429 643 2492 saeptis
671 2437 897 2479 secretus
924 2431 1151 2479 nascitur
1177 2431 1355 2491 hortiS,

160 2515 378 2577 ignotus
404 2517 597 2578 pecori,
630 2519 775 2567 nullo
802 2520 1079 2568 convolsus
1104 2527 1292 2578 aratr0‚
