<?xml version="1.0" encoding="UTF-8"?>
<!DOCTYPE html PUBLIC "-//W3C//DTD XHTML 1.0 Transitional//EN"
    "http://www.w3.org/TR/xhtml1/DTD/xhtml1-transitional.dtd">
<html xmlns="http://www.w3.org/1999/xhtml" xml:lang="en" lang="en">
 <head>
  <title>
</title>
<meta http-equiv="Content-Type" content="text/html;charset=utf-8" />
  <meta name='ocr-system' content='tesseract 3.04.00' />
  <meta name='ocr-capabilities' content='ocr_page ocr_carea ocr_par ocr_line ocrx_word'/>
</head>
<body>
  <div class='ocr_page' id='page_1' title='image "./catullitibullip02vahlgoog_0092.png"; bbox 0 0 1942 3000; ppageno 0'>
   <div class='ocr_carea' id='block_1_1' title="bbox 304 169 1221 231">
    <p class='ocr_par' dir='ltr' id='par_1_1' title="bbox 304 169 1221 231">
     <span class='ocr_line' id='line_1_1' title="bbox 304 169 1221 231; baseline -0.012 -11"><span class='ocrx_word' id='word_1_1' title='bbox 304 169 373 220; x_wconf 82' lang='lat'><strong>82</strong></span> <span class='ocrx_word' id='word_1_2' title='bbox 921 172 1177 211; x_wconf 79' lang='lat' dir='ltr'>CATULLI</span> <span class='ocrx_word' id='word_1_3' title='bbox 1216 228 1221 231; x_wconf 86' lang='lat'>.</span> 
     </span>
    </p>
   </div>
   <div class='ocr_carea' id='block_1_2' title="bbox 202 328 1812 2691">
    <p class='ocr_par' dir='ltr' id='par_1_2' title="bbox 202 328 1812 2691">
     <span class='ocr_line' id='line_1_2' title="bbox 378 328 1283 392; baseline -0.002 -14"><span class='ocrx_word' id='word_1_4' title='bbox 378 329 533 379; x_wconf 84' lang='lat' dir='ltr'><strong>Graia</strong></span> <span class='ocrx_word' id='word_1_5' title='bbox 559 328 803 392; x_wconf 85' lang='lat' dir='ltr'><strong>Canopiis</strong></span> <span class='ocrx_word' id='word_1_6' title='bbox 828 329 1004 377; x_wconf 84' lang='lat' dir='ltr'><strong>incola</strong></span> <span class='ocrx_word' id='word_1_7' title='bbox 1030 329 1283 377; x_wconf 85' lang='lat' dir='ltr'><strong>litoribus.</strong></span> 
     </span>
     <span class='ocr_line' id='line_1_3' title="bbox 306 417 1456 466; baseline -0.002 0"><span class='ocrx_word' id='word_1_8' title='bbox 306 418 451 466; x_wconf 90' lang='lat' dir='ltr'><strong>ardui</strong></span> <span class='ocrx_word' id='word_1_9' title='bbox 477 418 546 466; x_wconf 92' lang='lat' dir='ltr'><strong>ibi</strong></span> <span class='ocrx_word' id='word_1_10' title='bbox 575 418 716 466; x_wconf 84' lang='lat' dir='ltr'><strong>vario</strong></span> <span class='ocrx_word' id='word_1_11' title='bbox 744 431 811 465; x_wconf 90' lang='lat' dir='ltr'><strong>ne</strong></span> <span class='ocrx_word' id='word_1_12' title='bbox 835 417 1004 465; x_wconf 89' lang='lat' dir='ltr'><strong>solum</strong></span> <span class='ocrx_word' id='word_1_13' title='bbox 1029 417 1080 464; x_wconf 88' lang='lat' dir='ltr'><strong>in</strong></span> <span class='ocrx_word' id='word_1_14' title='bbox 1110 418 1301 466; x_wconf 89' lang='lat' dir='ltr'><strong>lumine</strong></span> <span class='ocrx_word' id='word_1_15' title='bbox 1327 418 1456 466; x_wconf 88' lang='lat' dir='ltr'><strong>caeli</strong></span> 
     </span>
     <span class='ocr_line' id='line_1_4' title="bbox 202 506 1269 567; baseline -0.004 -11"><span class='ocrx_word' id='word_1_16' title='bbox 202 514 264 556; x_wconf 81' lang='lat'><strong>60</strong></span> <span class='ocrx_word' id='word_1_17' title='bbox 377 520 441 554; x_wconf 85' lang='lat' dir='ltr'><strong>ex</strong></span> <span class='ocrx_word' id='word_1_18' title='bbox 465 506 736 554; x_wconf 83' lang='lat' dir='ltr'>Ariadneis</span> <span class='ocrx_word' id='word_1_19' title='bbox 761 519 918 553; x_wconf 87' lang='lat' dir='ltr'><strong>aurea</strong></span> <span class='ocrx_word' id='word_1_20' title='bbox 951 506 1269 567; x_wconf 82' lang='lat' dir='ltr'>temporibus</span> 
     </span>
     <span class='ocr_line' id='line_1_5' title="bbox 307 594 1622 657; baseline -0.001 -14"><span class='ocrx_word' id='word_1_21' title='bbox 307 595 409 643; x_wconf 81' lang='lat' dir='ltr'><strong>fixa</strong></span> <span class='ocrx_word' id='word_1_22' title='bbox 435 608 627 643; x_wconf 83' lang='lat' dir='ltr'><strong>corona</strong></span> <span class='ocrx_word' id='word_1_23' title='bbox 653 595 803 654; x_wconf 84' lang='lat' dir='ltr'><strong>foret,</strong></span> <span class='ocrx_word' id='word_1_24' title='bbox 836 594 924 642; x_wconf 88' lang='lat' dir='ltr'><strong>sed</strong></span> <span class='ocrx_word' id='word_1_25' title='bbox 951 608 1047 642; x_wconf 89' lang='lat' dir='ltr'><strong>nos</strong></span> <span class='ocrx_word' id='word_1_26' title='bbox 1075 607 1282 656; x_wconf 89' lang='lat' dir='ltr'><strong>quoque</strong></span> <span class='ocrx_word' id='word_1_27' title='bbox 1308 594 1622 657; x_wconf 78' lang='lat' dir='ltr'><strong>fulgeremus</strong></span> 
     </span>
     <span class='ocr_line' id='line_1_6' title="bbox 378 682 1217 740; baseline 0.002 -12"><span class='ocrx_word' id='word_1_28' title='bbox 378 682 591 731; x_wconf 83' lang='lat' dir='ltr'><strong>devotae</strong></span> <span class='ocrx_word' id='word_1_29' title='bbox 615 683 730 730; x_wconf 85' lang='lat' dir='ltr'><strong>flavi</strong></span> <span class='ocrx_word' id='word_1_30' title='bbox 756 682 959 731; x_wconf 84' lang='lat' dir='ltr'><strong>verticis</strong></span> <span class='ocrx_word' id='word_1_31' title='bbox 987 682 1217 740; x_wconf 83' lang='lat' dir='ltr'><strong>exuviae,</strong></span> 
     </span>
     <span class='ocr_line' id='line_1_7' title="bbox 307 769 1654 834; baseline 0.002 -17"><span class='ocrx_word' id='word_1_32' title='bbox 307 769 566 818; x_wconf 81' lang='lat' dir='ltr'><strong>uvidulam</strong></span> <span class='ocrx_word' id='word_1_33' title='bbox 590 785 621 818; x_wconf 92' lang='lat' dir='ltr'><strong>a</strong></span> <span class='ocrx_word' id='word_1_34' title='bbox 648 770 772 818; x_wconf 83' lang='lat' dir='ltr'><strong>fletu</strong></span> <span class='ocrx_word' id='word_1_35' title='bbox 798 771 1063 819; x_wconf 77' lang='lat' dir='ltr'><strong>cedentem</strong></span> <span class='ocrx_word' id='word_1_36' title='bbox 1089 772 1152 819; x_wconf 90' lang='lat' dir='ltr'><strong>ad</strong></span> <span class='ocrx_word' id='word_1_37' title='bbox 1180 772 1373 834; x_wconf 80' lang='lat' dir='ltr'><strong>templa</strong></span> <span class='ocrx_word' id='word_1_38' title='bbox 1397 772 1548 820; x_wconf 86' lang='lat' dir='ltr'><strong>deum</strong></span> <span class='ocrx_word' id='word_1_39' title='bbox 1572 786 1654 820; x_wconf 85' lang='lat' dir='ltr'><strong>me</strong></span> 
     </span>
     <span class='ocr_line' id='line_1_8' title="bbox 378 859 1433 923; baseline 0.002 -17"><span class='ocrx_word' id='word_1_40' title='bbox 378 859 517 906; x_wconf 85' lang='lat' dir='ltr'><strong>sidus</strong></span> <span class='ocrx_word' id='word_1_41' title='bbox 543 859 597 906; x_wconf 92' lang='lat' dir='ltr'><strong>in</strong></span> <span class='ocrx_word' id='word_1_42' title='bbox 622 859 850 921; x_wconf 84' lang='lat' dir='ltr'><strong>antiquis</strong></span> <span class='ocrx_word' id='word_1_43' title='bbox 877 859 993 907; x_wconf 86' lang='lat' dir='ltr'><strong>diva</strong></span> <span class='ocrx_word' id='word_1_44' title='bbox 1019 874 1209 907; x_wconf 90' lang='lat' dir='ltr'><strong>novum</strong></span> <span class='ocrx_word' id='word_1_45' title='bbox 1233 860 1433 923; x_wconf 85' lang='lat' dir='ltr'><strong>posuit:</strong></span> 
     </span>
     <span class='ocr_line' id='line_1_9' title="bbox 205 947 1540 1011; baseline 0.001 -15"><span class='ocrx_word' id='word_1_46' title='bbox 205 954 267 996; x_wconf 74' lang='lat'><strong>65</strong></span> <span class='ocrx_word' id='word_1_47' title='bbox 309 947 521 1009; x_wconf 84' lang='lat' dir='ltr'><strong>virginis</strong></span> <span class='ocrx_word' id='word_1_48' title='bbox 549 955 599 995; x_wconf 90' lang='lat' dir='ltr'><strong>et</strong></span> <span class='ocrx_word' id='word_1_49' title='bbox 627 948 765 995; x_wconf 86' lang='lat' dir='ltr'><strong>saevi</strong></span> <span class='ocrx_word' id='word_1_50' title='bbox 791 948 1097 1010; x_wconf 84' lang='lat' dir='ltr'><strong>contingens</strong></span> <span class='ocrx_word' id='word_1_51' title='bbox 1125 963 1349 1011; x_wconf 87' lang='lat' dir='ltr'><strong>namque</strong></span> <span class='ocrx_word' id='word_1_52' title='bbox 1375 949 1540 998; x_wconf 84' lang='lat' dir='ltr'><strong>leonis</strong></span> 
     </span>
     <span class='ocr_line' id='line_1_10' title="bbox 379 1034 1379 1098; baseline 0 -14"><span class='ocrx_word' id='word_1_53' title='bbox 379 1035 591 1095; x_wconf 87' lang='lat' dir='ltr'><strong>lumina,</strong></span> <span class='ocrx_word' id='word_1_54' title='bbox 625 1034 839 1085; x_wconf 80' lang='lat' dir='ltr'>Callisto</span> <span class='ocrx_word' id='word_1_55' title='bbox 866 1036 1041 1083; x_wconf 88' lang='lat' dir='ltr'><strong>iuncta</strong></span> <span class='ocrx_word' id='word_1_56' title='bbox 1068 1036 1379 1098; x_wconf 78' lang='lat' dir='ltr'><strong>Lycaoniae,</strong></span> 
     </span>
     <span class='ocr_line' id='line_1_11' title="bbox 309 1124 1588 1184; baseline 0.002 -13"><span class='ocrx_word' id='word_1_57' title='bbox 309 1131 479 1172; x_wconf 81' lang='lat' dir='ltr'><strong>vertor</strong></span> <span class='ocrx_word' id='word_1_58' title='bbox 500 1124 553 1172; x_wconf 90' lang='lat' dir='ltr'><strong>in</strong></span> <span class='ocrx_word' id='word_1_59' title='bbox 582 1138 837 1183; x_wconf 88' lang='lat' dir='ltr'><strong>occasum,</strong></span> <span class='ocrx_word' id='word_1_60' title='bbox 867 1124 1069 1171; x_wconf 86' lang='lat' dir='ltr'><strong>tardum</strong></span> <span class='ocrx_word' id='word_1_61' title='bbox 1094 1124 1198 1171; x_wconf 86' lang='lat' dir='ltr'><strong>dux</strong></span> <span class='ocrx_word' id='word_1_62' title='bbox 1224 1134 1344 1173; x_wconf 90' lang='lat' dir='ltr'><strong>ante</strong></span> <span class='ocrx_word' id='word_1_63' title='bbox 1367 1125 1588 1184; x_wconf 86' lang='lat' dir='ltr'><strong>Booten,</strong></span> 
     </span>
     <span class='ocr_line' id='line_1_12' title="bbox 381 1211 1383 1277; baseline 0.002 -18"><span class='ocrx_word' id='word_1_64' title='bbox 381 1212 467 1277; x_wconf 90' lang='lat' dir='ltr'><strong>qui</strong></span> <span class='ocrx_word' id='word_1_65' title='bbox 493 1212 581 1259; x_wconf 86' lang='lat' dir='ltr'><strong>vix</strong></span> <span class='ocrx_word' id='word_1_66' title='bbox 606 1226 718 1260; x_wconf 90' lang='lat' dir='ltr'><strong>sero</strong></span> <span class='ocrx_word' id='word_1_67' title='bbox 747 1212 853 1260; x_wconf 89' lang='lat' dir='ltr'><strong>alto</strong></span> <span class='ocrx_word' id='word_1_68' title='bbox 879 1212 1126 1274; x_wconf 88' lang='lat' dir='ltr'><strong>mergitur</strong></span> <span class='ocrx_word' id='word_1_69' title='bbox 1153 1211 1383 1261; x_wconf 88' lang='lat' dir='ltr'><strong>Ocean0.</strong></span> 
     </span>
     <span class='ocr_line' id='line_1_13' title="bbox 310 1301 1737 1364; baseline -0.001 -14"><span class='ocrx_word' id='word_1_70' title='bbox 310 1301 400 1350; x_wconf 78' lang='lat' dir='ltr'><strong>sed</strong></span> <span class='ocrx_word' id='word_1_71' title='bbox 426 1315 738 1364; x_wconf 83' lang='lat' dir='ltr'><strong>quamquam</strong></span> <span class='ocrx_word' id='word_1_72' title='bbox 763 1314 846 1349; x_wconf 91' lang='lat' dir='ltr'><strong>me</strong></span> <span class='ocrx_word' id='word_1_73' title='bbox 872 1309 1023 1348; x_wconf 88' lang='lat' dir='ltr'><strong>nocte</strong></span> <span class='ocrx_word' id='word_1_74' title='bbox 1049 1309 1287 1363; x_wconf 87' lang='lat' dir='ltr'><strong>premunt</strong></span> <span class='ocrx_word' id='word_1_75' title='bbox 1312 1301 1524 1364; x_wconf 84' lang='lat' dir='ltr'><strong>vestigia</strong></span> <span class='ocrx_word' id='word_1_76' title='bbox 1550 1302 1737 1359; x_wconf 83' lang='lat' dir='ltr'><strong>divum,</strong></span> 
     </span>
     <span class='ocr_line' id='line_1_14' title="bbox 208 1389 1325 1451; baseline 0 -13"><span class='ocrx_word' id='word_1_77' title='bbox 208 1397 268 1438; x_wconf 78' lang='lat'><strong>70</strong></span> <span class='ocrx_word' id='word_1_78' title='bbox 382 1389 473 1437; x_wconf 83' lang='lat' dir='ltr'><strong>lux</strong></span> <span class='ocrx_word' id='word_1_79' title='bbox 498 1397 670 1437; x_wconf 91' lang='lat' dir='ltr'><strong>autem</strong></span> <span class='ocrx_word' id='word_1_80' title='bbox 694 1402 855 1436; x_wconf 85' lang='lat' dir='ltr'><strong>canae</strong></span> <span class='ocrx_word' id='word_1_81' title='bbox 881 1389 1062 1451; x_wconf 77' lang='lat' dir='ltr'><strong>Tethyi</strong></span> <span class='ocrx_word' id='word_1_82' title='bbox 1088 1390 1325 1450; x_wconf 78' lang='lat' dir='ltr'><strong>restituit,</strong></span> 
     </span>
     <span class='ocr_line' id='line_1_15' title="bbox 311 1477 1513 1542; baseline 0 -16"><span class='ocrx_word' id='word_1_83' title='bbox 311 1492 439 1542; x_wconf 88' lang='lat' dir='ltr'><strong>pace</strong></span> <span class='ocrx_word' id='word_1_84' title='bbox 463 1485 551 1527; x_wconf 89' lang='lat' dir='ltr'><strong>tua</strong></span> <span class='ocrx_word' id='word_1_85' title='bbox 576 1477 673 1526; x_wconf 85' lang='lat' dir='ltr'><strong>fari</strong></span> <span class='ocrx_word' id='word_1_86' title='bbox 700 1477 784 1527; x_wconf 88' lang='lat' dir='ltr'><strong>hic</strong></span> <span class='ocrx_word' id='word_1_87' title='bbox 809 1477 976 1538; x_wconf 86' lang='lat' dir='ltr'><strong>liceat,</strong></span> <span class='ocrx_word' id='word_1_88' title='bbox 1008 1477 1327 1527; x_wconf 81' lang='lat' dir='ltr'><strong>Rhamnusia</strong></span> <span class='ocrx_word' id='word_1_89' title='bbox 1352 1477 1513 1541; x_wconf 84' lang='lat' dir='ltr'><strong>virgo,</strong></span> 
     </span>
     <span class='ocr_line' id='line_1_16' title="bbox 386 1566 1588 1630; baseline 0.002 -16"><span class='ocrx_word' id='word_1_90' title='bbox 386 1566 632 1630; x_wconf 87' lang='lat' dir='ltr'><strong>(namque</strong></span> <span class='ocrx_word' id='word_1_91' title='bbox 658 1581 755 1629; x_wconf 87' lang='lat' dir='ltr'><strong>ego</strong></span> <span class='ocrx_word' id='word_1_92' title='bbox 780 1582 887 1615; x_wconf 92' lang='lat' dir='ltr'><strong>non</strong></span> <span class='ocrx_word' id='word_1_93' title='bbox 912 1567 1024 1614; x_wconf 90' lang='lat' dir='ltr'><strong>ullo</strong></span> <span class='ocrx_word' id='word_1_94' title='bbox 1051 1581 1170 1615; x_wconf 83' lang='lat' dir='ltr'><strong>vera</strong></span> <span class='ocrx_word' id='word_1_95' title='bbox 1192 1568 1375 1616; x_wconf 86' lang='lat' dir='ltr'><strong>timore</strong></span> <span class='ocrx_word' id='word_1_96' title='bbox 1400 1576 1588 1629; x_wconf 76' lang='lat' dir='ltr'><strong>tegam,</strong></span> 
     </span>
     <span class='ocr_line' id='line_1_17' title="bbox 315 1654 1510 1717; baseline -0.001 -14"><span class='ocrx_word' id='word_1_97' title='bbox 315 1669 412 1704; x_wconf 87' lang='lat' dir='ltr'><strong>nec</strong></span> <span class='ocrx_word' id='word_1_98' title='bbox 437 1655 482 1703; x_wconf 85' lang='lat' dir='ltr'><strong>si</strong></span> <span class='ocrx_word' id='word_1_99' title='bbox 506 1669 589 1703; x_wconf 88' lang='lat' dir='ltr'><strong>me</strong></span> <span class='ocrx_word' id='word_1_100' title='bbox 612 1655 809 1704; x_wconf 87' lang='lat' dir='ltr'><strong>infestis</strong></span> <span class='ocrx_word' id='word_1_101' title='bbox 836 1654 1126 1717; x_wconf 86' lang='lat' dir='ltr'><strong>discerpent</strong></span> <span class='ocrx_word' id='word_1_102' title='bbox 1152 1655 1319 1703; x_wconf 88' lang='lat' dir='ltr'><strong>sidera</strong></span> <span class='ocrx_word' id='word_1_103' title='bbox 1345 1656 1510 1714; x_wconf 82' lang='lat' dir='ltr'><strong>dictis,</strong></span> 
     </span>
     <span class='ocr_line' id='line_1_18' title="bbox 388 1743 1430 1806; baseline -0.001 -14"><span class='ocrx_word' id='word_1_104' title='bbox 388 1744 595 1792; x_wconf 87' lang='lat' dir='ltr'><strong>condita</strong></span> <span class='ocrx_word' id='word_1_105' title='bbox 623 1743 749 1806; x_wconf 90' lang='lat' dir='ltr'><strong>quin</strong></span> <span class='ocrx_word' id='word_1_106' title='bbox 774 1743 878 1791; x_wconf 90' lang='lat' dir='ltr'><strong>veri</strong></span> <span class='ocrx_word' id='word_1_107' title='bbox 904 1743 1122 1805; x_wconf 84' lang='lat' dir='ltr'><strong>pectoris</strong></span> <span class='ocrx_word' id='word_1_108' title='bbox 1151 1743 1430 1805; x_wconf 86' lang='lat' dir='ltr'><strong>evoluam),</strong></span> 
     </span>
     <span class='ocr_line' id='line_1_19' title="bbox 215 1831 1749 1893; baseline -0.001 -14"><span class='ocrx_word' id='word_1_109' title='bbox 215 1839 276 1880; x_wconf 76' lang='lat'><strong>‘15</strong></span> <span class='ocrx_word' id='word_1_110' title='bbox 318 1846 423 1879; x_wconf 90' lang='lat' dir='ltr'><strong>non</strong></span> <span class='ocrx_word' id='word_1_111' title='bbox 449 1832 530 1880; x_wconf 86' lang='lat' dir='ltr'><strong>his</strong></span> <span class='ocrx_word' id='word_1_112' title='bbox 555 1840 660 1879; x_wconf 83' lang='lat' dir='ltr'><strong>tam</strong></span> <span class='ocrx_word' id='word_1_113' title='bbox 684 1832 848 1879; x_wconf 88' lang='lat' dir='ltr'><strong>laetor</strong></span> <span class='ocrx_word' id='word_1_114' title='bbox 872 1831 1042 1889; x_wconf 77' lang='lat' dir='ltr'><strong>rebuS,</strong></span> <span class='ocrx_word' id='word_1_115' title='bbox 1074 1845 1229 1893; x_wconf 84' lang='lat' dir='ltr'><strong>quam</strong></span> <span class='ocrx_word' id='word_1_116' title='bbox 1256 1846 1338 1879; x_wconf 87' lang='lat' dir='ltr'><strong>me</strong></span> <span class='ocrx_word' id='word_1_117' title='bbox 1364 1832 1507 1879; x_wconf 85' lang='lat' dir='ltr'><strong>afore</strong></span> <span class='ocrx_word' id='word_1_118' title='bbox 1534 1844 1749 1893; x_wconf 86' lang='lat' dir='ltr'><strong>semper,</strong></span> 
     </span>
     <span class='ocr_line' id='line_1_20' title="bbox 390 1919 1490 1978; baseline 0 -11"><span class='ocrx_word' id='word_1_119' title='bbox 390 1920 534 1969; x_wconf 85' lang='lat' dir='ltr'><strong>afore</strong></span> <span class='ocrx_word' id='word_1_120' title='bbox 558 1934 639 1968; x_wconf 89' lang='lat' dir='ltr'><strong>me</strong></span> <span class='ocrx_word' id='word_1_121' title='bbox 664 1934 695 1968; x_wconf 83' lang='lat' dir='ltr'><strong>a</strong></span> <span class='ocrx_word' id='word_1_122' title='bbox 721 1920 958 1967; x_wconf 89' lang='lat' dir='ltr'><strong>dominae</strong></span> <span class='ocrx_word' id='word_1_123' title='bbox 984 1919 1167 1967; x_wconf 85' lang='lat' dir='ltr'><strong>vertice</strong></span> <span class='ocrx_word' id='word_1_124' title='bbox 1194 1919 1490 1978; x_wconf 80' lang='lat' dir='ltr'><strong>discrucior,</strong></span> 
     </span>
     <span class='ocr_line' id='line_1_21' title="bbox 318 2007 1812 2071; baseline 0.001 -16"><span class='ocrx_word' id='word_1_125' title='bbox 318 2008 525 2071; x_wconf 84' lang='lat' dir='ltr'><strong>quicum</strong></span> <span class='ocrx_word' id='word_1_126' title='bbox 563 2022 688 2070; x_wconf 83' lang='lat' dir='ltr'><strong>ego,</strong></span> <span class='ocrx_word' id='word_1_127' title='bbox 734 2009 855 2056; x_wconf 87' lang='lat' dir='ltr'><strong>dum</strong></span> <span class='ocrx_word' id='word_1_128' title='bbox 893 2007 1036 2069; x_wconf 79' lang='lat' dir='ltr'><strong>virgo</strong></span> <span class='ocrx_word' id='word_1_129' title='bbox 1077 2008 1339 2070; x_wconf 89' lang='lat' dir='ltr'><strong>quondam</strong></span> <span class='ocrx_word' id='word_1_130' title='bbox 1375 2008 1472 2056; x_wconf 88' lang='lat' dir='ltr'><strong>fuit</strong></span> <span class='ocrx_word' id='word_1_131' title='bbox 1510 2011 1537 2066; x_wconf 56' lang='grc' dir='ltr'>ψ</span> <span class='ocrx_word' id='word_1_132' title='bbox 1575 2007 1812 2056; x_wconf 89' lang='lat' dir='ltr'><strong>omnibus</strong></span> 
     </span>
     <span class='ocr_line' id='line_1_22' title="bbox 531 2109 733 2159; baseline 0 -15"><span class='ocrx_word' id='word_1_133' title='bbox 531 2109 733 2159; x_wconf 64' lang='lat' dir='ltr'><strong>expers),</strong></span> 
     </span>
     <span class='ocr_line' id='line_1_23' title="bbox 389 2184 1297 2248; baseline -0.001 -16"><span class='ocrx_word' id='word_1_134' title='bbox 389 2185 637 2248; x_wconf 87' lang='lat' dir='ltr'><strong>unguenti</strong></span> <span class='ocrx_word' id='word_1_135' title='bbox 666 2184 796 2247; x_wconf 80' lang='lat' dir='ltr'><strong>Syrii</strong></span> <span class='ocrx_word' id='word_1_136' title='bbox 822 2184 962 2233; x_wconf 86' lang='lat' dir='ltr'><strong>milia</strong></span> <span class='ocrx_word' id='word_1_137' title='bbox 987 2185 1148 2232; x_wconf 89' lang='lat' dir='ltr'><strong>multa</strong></span> <span class='ocrx_word' id='word_1_138' title='bbox 1174 2184 1297 2232; x_wconf 90' lang='lat' dir='ltr'><strong>bibi.</strong></span> 
     </span>
     <span class='ocr_line' id='line_1_24' title="bbox 321 2273 1587 2336; baseline -0.002 -14"><span class='ocrx_word' id='word_1_139' title='bbox 321 2287 478 2331; x_wconf 87' lang='lat' dir='ltr'><strong>nunc,</strong></span> <span class='ocrx_word' id='word_1_140' title='bbox 509 2287 597 2321; x_wconf 87' lang='lat' dir='ltr'><strong>vos</strong></span> <span class='ocrx_word' id='word_1_141' title='bbox 625 2279 801 2336; x_wconf 84' lang='lat' dir='ltr'><strong>optato</strong></span> <span class='ocrx_word' id='word_1_142' title='bbox 828 2287 986 2336; x_wconf 90' lang='lat' dir='ltr'><strong>quom</strong></span> <span class='ocrx_word' id='word_1_143' title='bbox 1011 2273 1176 2321; x_wconf 84' lang='lat' dir='ltr'><strong>iunxit</strong></span> <span class='ocrx_word' id='word_1_144' title='bbox 1203 2273 1396 2322; x_wconf 90' lang='lat' dir='ltr'><strong>lumine</strong></span> <span class='ocrx_word' id='word_1_145' title='bbox 1420 2274 1587 2333; x_wconf 86' lang='lat' dir='ltr'><strong>taeda,</strong></span> 
     </span>
     <span class='ocr_line' id='line_1_25' title="bbox 217 2361 1528 2438; baseline 0 -28"><span class='ocrx_word' id='word_1_146' title='bbox 217 2369 280 2410; x_wconf 83' lang='lat'><strong>80</strong></span> <span class='ocrx_word' id='word_1_147' title='bbox 393 2375 499 2438; x_wconf 70' lang='lat' dir='ltr'><strong>non</strong></span> <span class='ocrx_word' id='word_1_148' title='bbox 524 2361 667 2425; x_wconf 86' lang='lat' dir='ltr'><strong>prius</strong></span> <span class='ocrx_word' id='word_1_149' title='bbox 696 2361 950 2409; x_wconf 81' lang='lat' dir='ltr'><strong>unanimis</strong></span> <span class='ocrx_word' id='word_1_150' title='bbox 977 2376 1195 2424; x_wconf 84' lang='lat' dir='ltr'><strong>corpora</strong></span> <span class='ocrx_word' id='word_1_151' title='bbox 1221 2362 1528 2424; x_wconf 84' lang='lat' dir='ltr'><strong>coniugibus</strong></span> 
     </span>
     <span class='ocr_line' id='line_1_26' title="bbox 322 2449 1420 2513; baseline 0.001 -16"><span class='ocrx_word' id='word_1_152' title='bbox 322 2450 503 2498; x_wconf 78' lang='lat' dir='ltr'><strong>tradite</strong></span> <span class='ocrx_word' id='word_1_153' title='bbox 528 2450 781 2498; x_wconf 89' lang='lat' dir='ltr'><strong>nudantes</strong></span> <span class='ocrx_word' id='word_1_154' title='bbox 806 2449 993 2498; x_wconf 78' lang='lat' dir='ltr'><strong>reiecta</strong></span> <span class='ocrx_word' id='word_1_155' title='bbox 1019 2459 1154 2497; x_wconf 81' lang='lat' dir='ltr'><strong>veste</strong></span> <span class='ocrx_word' id='word_1_156' title='bbox 1183 2450 1420 2513; x_wconf 84' lang='lat' dir='ltr'><strong>papillas,</strong></span> 
     </span>
     <span class='ocr_line' id='line_1_27' title="bbox 394 2538 1513 2601; baseline 0.002 -16"><span class='ocrx_word' id='word_1_157' title='bbox 394 2553 547 2601; x_wconf 82' lang='lat' dir='ltr'><strong>quam</strong></span> <span class='ocrx_word' id='word_1_158' title='bbox 572 2539 796 2588; x_wconf 86' lang='lat' dir='ltr'><strong>iucunda</strong></span> <span class='ocrx_word' id='word_1_159' title='bbox 819 2538 944 2586; x_wconf 90' lang='lat' dir='ltr'><strong>mihi</strong></span> <span class='ocrx_word' id='word_1_160' title='bbox 970 2553 1184 2586; x_wconf 86' lang='lat' dir='ltr'><strong>munera</strong></span> <span class='ocrx_word' id='word_1_161' title='bbox 1210 2539 1332 2588; x_wconf 86' lang='lat' dir='ltr'><strong>libet</strong></span> <span class='ocrx_word' id='word_1_162' title='bbox 1358 2553 1513 2600; x_wconf 82' lang='lat' dir='ltr'><strong>onyx,</strong></span> 
     </span>
     <span class='ocr_line' id='line_1_28' title="bbox 323 2627 1514 2691; baseline -0.001 -17"><span class='ocrx_word' id='word_1_163' title='bbox 323 2636 487 2675; x_wconf 84' lang='lat' dir='ltr'><strong>vester</strong></span> <span class='ocrx_word' id='word_1_164' title='bbox 511 2642 666 2689; x_wconf 81' lang='lat' dir='ltr'><strong>onyx,</strong></span> <span class='ocrx_word' id='word_1_165' title='bbox 698 2635 837 2676; x_wconf 83' lang='lat' dir='ltr'><strong>casto</strong></span> <span class='ocrx_word' id='word_1_166' title='bbox 865 2627 1037 2691; x_wconf 84' lang='lat' dir='ltr'><strong>petitis</strong></span> <span class='ocrx_word' id='word_1_167' title='bbox 1065 2642 1197 2690; x_wconf 77' lang='lat' dir='ltr'><strong>quae</strong></span> <span class='ocrx_word' id='word_1_168' title='bbox 1221 2628 1332 2676; x_wconf 81' lang='lat' dir='ltr'><strong>iura</strong></span> <span class='ocrx_word' id='word_1_169' title='bbox 1359 2627 1514 2676; x_wconf 87' lang='lat' dir='ltr'><strong>cubili</strong></span> 
     </span>
    </p>
   </div>
  </div>
 </body>
</html>
