1942 3000
19 698 71 739 ἰθ

19 1140 69 1181 75

19 1584 66 1625 30

19 2030 62 2068 35

738 176 915 214 LIBER
945 176 987 213 1.
1510 172 1611 222 121

188 334 428 406 maluerit
452 333 666 396 praedas
693 334 878 382 stultus
906 342 957 382 et
981 348 1125 382 arma
1151 334 1316 396 sequi.

115 423 207 471 ille
230 423 356 471 licet
381 423 601 472 Cilicum
624 423 785 470 victas
812 429 932 485 agat
955 432 1077 471 aute
1104 430 1349 482 catervas,

187 520 349 576 ponat
375 520 425 561 et
448 513 502 560 in
531 519 682 575 capto
708 512 897 559 Martia
923 519 1091 560 castra
1117 513 1250 571 sole,

113 609 253 651 totus
281 609 333 650 et
358 610 572 663 argento
601 608 891 660 contextus,
923 609 1064 650 totus
1092 609 1143 649 et
1167 616 1313 661 auro,

187 690 409 738 insideat
433 689 585 737 celeri
613 688 1008 751 conspiciendus
1036 703 1189 752 equ0‚

112 778 228 841 ipse
255 779 408 826 boves
435 792 550 825 mea
575 778 617 825 si
643 783 814 825 tecum
837 777 993 825 modo
1019 777 1173 826 Delia
1197 777 1393 840 possim

186 867 400 929 iungere
427 873 476 915 et
499 866 553 913 in
579 865 734 913 solito
762 880 973 928 pascere
1000 873 1174 914 monte
1200 881 1387 929 pecus:

114 964 168 1004 et
193 962 244 1003 te
269 955 391 1002 dum
415 954 570 1002 liceat
594 954 783 1001 teneris
810 954 1031 1002 ret-inere
1056 955 1279 1014 lacertis,

186 1042 359 1090 mollis
387 1050 437 1090 et
461 1042 658 1090 inculta
683 1042 749 1089 sit
774 1042 894 1089 mihi
922 1056 1134 1091 somnus
1161 1043 1336 1091 humo,

113 1132 242 1195 quid
267 1131 423 1193 Tyrio
451 1132 696 1179 recubare
720 1138 833 1178 toro
861 1131 972 1179 sine
998 1147 1173 1181 amore
1198 1132 1426 1181 secundo

187 1220 415 1283 prodest,
450 1235 565 1267 cum
590 1219 711 1267 fletu
735 1234 843 1267 nox
868 1219 1129 1281 vigilanda
1153 1220 1323 1268 venit?

111 1324 239 1358 nam
263 1321 432 1369 neque
459 1315 567 1355 tum
592 1308 798 1370 plumae
824 1321 919 1355 nec
945 1308 1177 1370 stragula
1202 1308 1340 1371 picta
1366 1322 1606 1371 soporem

186 1410 285 1444 nec
311 1396 510 1445 sonitus
538 1395 774 1458 placidae
799 1396 987 1444 ducere
1013 1403 1189 1458 posset
1213 1410 1395 1458 aquae.

109 1500 242 1534 num
268 1484 484 1533 Veneris
510 1497 731 1546 magnae
755 1484 944 1533 violavi
970 1484 1186 1532 numina
1210 1485 1385 1545 verb0‚

187 1582 239 1623 et
262 1589 378 1622 mea
403 1588 541 1621 nunc
567 1587 762 1636 poenas
786 1572 927 1635 inpia
949 1573 1130 1635 lingua
1154 1573 1285 1621 luit?

110 1679 243 1713 num
268 1665 407 1712 feror
431 1664 660 1711 incestus
685 1662 831 1711 sedes
858 1662 1047 1711 adiisse
1073 1662 1287 1711 deorum

187 1761 426 1815 sertaque
452 1753 515 1801 de
539 1752 730 1801 sanctis
757 1752 1043 1815 deripuisse
1070 1750 1237 1800 focis?

110 1857 224 1891 non
252 1856 367 1904 egn,
400 1841 443 1890 si
470 1842 652 1897 merui,
687 1841 915 1889 dubitem
940 1840 1278 1902 procumbere
1303 1838 1508 1901 templis

189 1937 241 1978 et
266 1930 387 1978 dare
413 1929 624 1978 sacratis
652 1930 832 1977 oscula
864 1928 1146 1987 liminibus,

107 2034 223 2068 non
251 2033 347 2080 ego
373 2019 611 2066 tellurem
636 2018 855 2079 genibus
882 2031 1155 2080 perrepere
1183 2016 1403 2078 supplex

187 2115 240 2154 et
260 2106 504 2154 miserum
530 2114 709 2154 sancto
738 2105 953 2153 tundere
981 2114 1128 2168 poste
1154 2113 1325 2167 caput.

105 2203 166 2244 at
189 2203 266 2253 tu,
299 2195 388 2259 qui
413 2196 577 2243 laetus
605 2195 738 2242 rides
765 2195 900 2242 mala
927 2201 1122 2252 nostra,
1156 2201 1331 2242 caveto

182 2298 308 2331 mox
335 2284 454 2332 tibi:
498 2299 607 2332 non
634 2284 723 2332 uni
749 2284 939 2332 saeviet
962 2298 1128 2346 usque
1154 2283 1295 2331 deus.

104 2373 217 2422 vidi
247 2387 359 2435 ego,
393 2373 481 2436 qui
506 2373 749 2421 iuvenum
773 2373 988 2421 miseros
1015 2373 1220 2421 lusisset
1245 2387 1466 2430 amores,

182 2469 306 2525 post
330 2462 547 2511 Veneris
577 2463 753 2512 vinclis
782 2463 1000 2511 subdere
1026 2462 1163 2510 colla
1189 2475 1365 2509 senem

103 2559 160 2601 et
189 2551 288 2600 sibi
316 2551 587 2600 blanditias
615 2552 832 2599 tremula
859 2564 1155 2613 conponere
1179 2563 1303 2597 voce

182 2648 236 2689 et
259 2639 494 2690 manibus
521 2656 676 2690 canas
704 2641 896 2703 fingere
921 2639 1054 2688 velle
1082 2653 1287 2686 comas:
