1942 3000
79 1461 140 1502 ¹⁰

80 1902 138 1942 15

771 146 947 185 unna
980 147 1071 185 111.
1201 157 1205 163 =
1566 142 1671 193 169

871 480 966 530 ΠΙ.

181 655 318 717 Quid
354 658 563 719 prodest
589 658 787 705 caelum
812 658 940 707 votis
965 658 1209 720 inplesse‚
1238 657 1453 716 Neaera,

252 745 543 808 blandaque
569 760 686 794 cum
709 746 870 793 multa
895 754 1012 794 tura
1036 745 1237 795 dedisse
1262 759 1431 809 prece,

177 848 289 881 nou
313 841 369 881 ut
392 833 666 881 marmorei
693 833 952 896 prodirem
978 848 1006 881 e
1033 834 1211 882 limine
1234 834 1372 893 teeti,

253 922 468 984 insignis
494 922 635 969 clara
659 921 1077 985 conspicuusque
1103 923 1275 982 domn,

179 1018 273 1058 aut
295 1018 357 1057 ut
377 1010 551 1062 multa·
562 1011 663 1057 mei
688 1018 996 1058 renovarent
1019 1010 1197 1073 iugera
1223 1011 1357 1058 tauri

254 1105 304 1146 et
328 1113 540 1161 magnas
568 1112 757 1147 messes
782 1107 919 1147 terra
944 1098 1171 1161 benigna
1196 1099 1357 1159 daret,

179 1187 271 1236 sed
295 1194 464 1235 tecum
488 1195 544 1234 ut
567 1187 758 1249 longae
781 1187 1032 1235 sociarem
1056 1187 1244 1250 gaudia
1269 1188 1400 1236 vitae

251 1275 410 1336 inque
435 1282 524 1321 tuo
553 1275 753 1323 caderet
779 1283 956 1323 nostra
983 1283 1192 1324 senecta
1216 1275 1334 1324 sinu

178 1371 290 1412 tum
316 1378 431 1411 eum
457 1377 723 1425 permenso
751 1363 1021 1411 defunctus
1048 1371 1279 1426 tempore
1309 1364 1440 1412 lueis

200 1504 205 1508 ⁴
254 1453 423 1500 nudus
449 1452 678 1500 Lethaea
703 1466 916 1515 cogerer
940 1452 1015 1500 ire
1039 1452 1187 1500 rate?

179 1556 304 1590 nam
329 1555 481 1604 grave
507 1541 631 1604 quid
657 1542 865 1604 prodest
891 1541 1095 1604 pondus
1119 1541 1245 1588 mihi
1272 1540 1445 1589 divitis
1470 1541 1603 1600 auri,

227 1688 230 1693 ,
253 1644 476 1693 arvaque
501 1630 543 1677 si
569 1630 767 1695 findant
791 1630 1007 1692 pinguia
1031 1629 1173 1676 mille
1200 1629 1390 1677 boves?

180 1719 368 1782 quidve
393 1718 572 1766 domus
599 1718 809 1780 prodest
836 1717 1068 1779 Phrygiis
1094 1717 1276 1765 innixa
1302 1718 1574 1777 columnis,

251 1807 488 1854 Taenare
513 1806 616 1854 sive
641 1806 760 1865 tuiS,
793 1806 902 1854 sive
929 1805 1145 1868 Caryste
1170 1805 1289 1864 tuis,
1369 1819 1379 1831 ·

180 1902 233 1942 et
256 1909 470 1943 nemora
495 1894 550 1941 in
583 1894 819 1942 domibus
845 1909 1021 1942 sacros
1047 1893 1303 1943 imitantia
1328 1895 1474 1941 lucos

253 1992 565 2044 aurataeque
589 1984 758 2030 trabes
787 1997 1231 2044 marmoreumque
1256 1982 1461 2030 solum?

179 2070 367 2133 quidve
392 2072 447 2119 in
472 2070 749 2131 Erythraeo
776 2071 964 2133 legitur
990 2086 1124 2134 quae
1148 2071 1300 2118 litore
1325 2071 1526 2119 coneha

251 2160 516 2232 tinctaque
542 2158 759 2208 Sidonio
784 2159 980 2208 murice
1005 2159 1127 2206 lana
1150 2159 1307 2218 iuvat,

179 2255 232 2297 et
256 2262 389 2310 quae
416 2255 678 2310 praeterea
703 2249 925 2311 populus
952 2249 1203 2296 miratur?
1239 2248 1293 2295 in
1320 2248 1427 2296 illis

250 2337 440 2387 invidia
466 2344 572 2385 est:
616 2335 752 2384 falso
779 2337 1006 2399 plurima
1028 2338 1213 2400 vulgus
1239 2344 1397 2385 amat.

179 2439 287 2473 non
314 2424 498 2487 opibus
524 2431 721 2472 mentes
747 2424 1015 2472 hominum
1041 2438 1299 2487 curaeque
1323 2426 1586 2474 levantur:

249 2528 372 2562 nam
394 2515 626 2562 Fortuna
650 2528 746 2561 sua
771 2520 1008 2576 tempora
1032 2515 1147 2579 lege
1173 2514 1323 2576 regit.

177 2601 248 2650 sit
271 2602 395 2650 mihi
421 2609 700 2665 paupertas
728 2608 896 2650 tecum
919 2601 1164 2661 iucunda,
1195 2600 1419 2649 Neaera:
