1942 3000
731 190 912 229 umen
940 189 1054 228 1111.
1535 184 1640 235 325

148 346 397 397 Attalicas
423 361 610 411 supera
633 355 817 406 vestes»,
846 341 1203 408 atque'omnia
1227 344 1429 407 magnis

50 444 107 486 20
221 450 451 498 gemmea
479 436 583 484 sint
607 435 771 484 ludis:
815 434 1027 497 ignibus
1052 434 1153 481 ista
1178 433 1341 482 dabis.

150 524 238 574 sed
263 532 433 573 tamen
458 524 558 573 huc
586 538 781 582 omnes,
813 523 914 571 huc
941 522 1133 585 primus
1160 529 1210 570 et
1233 521 1442 570 ultimus
1470 520 1628 570 ordo:

222 622 297 661 est
320 613 473 672 mala,
506 612 594 660 sed
620 612 816 661 cunctis
842 612 938 659 ista
962 611 1174 659 terenda
1207 610 1354 657 viast.

152 685 411 750 exoranda
438 701 579 748 canis
607 700 703 748 tria
728 708 848 749 sunt
872 698 1116 748 latrantia
1143 698 1298 756 eolla,

221 788 515 837 scandenda
541 796 618 837 est
642 788 772 836 torvi
799 787 1006 850 publica
1031 786 1212 848 cymba
1238 785 1393 833 senis.

48 886 108 926 25
149 878 239 925 ille
264 878 386 925 licet
411 877 548 925 ferro
577 883 756 925 cautus
783 889 838 924 se
864 875 1057 923 condat
1082 881 1132 922 et
1157 886 1302 921 aere:

222 980 361 1014 mors
387 973 556 1013 tamen
582 964 838 1012 inclusum
864 963 1120 1026 protrahit
1144 962 1265 1010 inde
1292 967 1464 1024 caput.

149 1054 306 1102 Nirea
330 1067 438 1100 non
463 1052 639 1111 facie8‚
670 1066 777 1100 non
801 1052 875 1099 vis
903 1051 1093 1100 exemit
1117 1050 1392 1104 Achillem,

225 1139 474 1188 Croesum
498 1149 586 1189 aut
611 1140 810 1189 Pactoli
839 1156 967 1203 quas
996 1140 1130 1203 parit
1156 1153 1303 1187 umor
1328 1151 1470 1200 opes,

153 1230 236 1277 hic
262 1228 388 1275 olim
408 1228 616 1291 ignaros
642 1228 810 1277 luctus
836 1228 1103 1292 populavit
1125 1227 1370 1285 Achivom

47 1328 109 1369 30
225 1316 436 1363 Atridae
462 1331 652 1378 magno
680 1332 798 1365 cum
822 1317 962 1365 stetit
987 1318 1117 1364 alter
1141 1329 1302 1363 amor.

154 1412 206 1453 at
230 1404 340 1464 tibi,
372 1411 546 1463 nauta,
579 1404 690 1467 pias
718 1405 984 1452 hominum
1010 1403 1098 1466 qui
1124 1402 1295 1450 traicis
1322 1401 1550 1458 umbrae,

227 1493 327 1541 huc
354 1492 554 1541 animae
581 1500 784 1555 portent
810 1507 996 1555 corpus
1023 1492 1180 1540 inane
1206 1498 1348 1539 tuae:

157 1596 259 1644 qua
287 1580 493 1630 Siculae
517 1580 678 1629 victor
704 1581 899 1629 telluris
928 1580 1174 1628 Claudius
1202 1586 1252 1626 et
1277 1592 1380 1640 qua

187 1735 192 1739 ¹
228 1669 437 1728 Caesar,
469 1669 534 1718 ab
561 1669 786 1717 humana
813 1668 966 1716 cessit
992 1669 1045 1715 in
1071 1674 1210 1715 astra
1234 1666 1332 1713 via.

793 2037 1015 2085 XVIIII.

158 2198 395 2247 Obicitur
417 2195 606 2245 totiens
633 2211 664 2244 a
691 2207 740 2244 te
764 2196 889 2244 mihi
916 2203 1092 2244 nostra
1117 2194 1309 2242 libido:

229 2285 377 2333 crede
402 2284 545 2344 mihi,
578 2284 722 2333 vobis
749 2285 968 2346 imperat
993 2284 1091 2332 ista
1116 2283 1298 2344 magis,

155 2387 265 2432 vos,
300 2372 388 2420 ubi
415 2373 693 2435 contempti
720 2372 926 2435 rupistis
954 2372 1100 2420 frena
1126 2371 1354 2434 pudoris),

230 2460 437 2508 nescitis
465 2468 647 2524 captae
673 2461 857 2509 mentis
884 2461 1072 2509 habere
1097 2459 1324 2506 modum.

84 2560 111 2598 5
156 2548 363 2596 flamma
389 2563 480 2612 per
503 2550 744 2597 incensas
773 2549 921 2597 citius
948 2549 1154 2597 sedetur
1179 2547 1383 2605 aristas,

229 2636 548 2700 fluminaque
573 2638 637 2685 ad
665 2636 824 2686 fontis
851 2638 952 2686 sint
978 2637 1206 2686 reditura
1233 2644 1407 2699 caput,
