1942 3000
291 157 396 206 18⁶
892 162 1135 201 Tmonu

286 316 398 379 ipse
423 317 549 365 mihi
574 332 682 366 non
708 319 752 366 si
778 318 1095 381 praescribat
1118 318 1346 367 carmina
1368 318 1625 368 Phoebus.

290 414 367 454 est
391 406 499 465 fibi,
534 407 622 469 qui
649 407 814 471 possit
837 407 1036 469 magnis
1064 421 1119 456 se
1144 408 1415 470 accingere
1440 408 1611 467 rebus,

166 502 261 543 180
289 495 537 556 Valgius:
578 504 788 544 aeterno
814 495 1028 558 propior
1051 510 1160 543 non
1186 496 1316 544 alter
1340 496 1582 544 Homero.

288 584 533 646 languida
559 599 665 631 non
693 590 869 632 noster
893 584 1093 646 peragit
1116 584 1263 632 labor
1288 584 1410 643 otia,
1445 585 1676 646 quamvis

288 671 535 732 Fortuna,
569 679 627 720 ut
646 686 757 720 mos
784 679 861 719 est
885 672 980 732 illi,
1012 686 1095 719 me
1120 673 1333 720 adversa
1357 672 1553 734 fatiget.

288 774 410 807 nam
435 761 579 820 mihi,
613 775 729 809 cum
758 760 961 822 magnis
977 761 1163 822 opibus
1190 761 1371 809 domus
1397 761 1502 809 alta
1527 761 1729 821 niteret,

291 848 372 895 cui
399 847 602 896 fuerant
626 849 743 897 flavi
769 848 988 897 ditantes
1016 849 1195 897 ordine
1219 850 1350 898 sulci

163 940 260 985 185
290 935 476 984 horrea
501 937 746 985 fecundas
772 937 835 984 ad
863 937 1154 985 deficientia
1177 951 1386 997 messes,

290 1024 476 1087 cuique
502 1039 657 1087 pecus
684 1026 843 1073 denso
870 1026 1152 1089 pascebant
1176 1026 1379 1088 agmine
1406 1026 1564 1073 colles

288 1113 365 1175 (et
391 1112 600 1160 domino
623 1113 748 1162 satis
775 1121 826 1162 et
852 1114 1066 1161 nimium
1090 1114 1294 1177 furique
1319 1113 1592 1176 lupoque),

286 1215 425 1249 nunc
451 1201 754 1250 desiderium
778 1209 1041 1266 superest:
1083 1217 1204 1250 nam
1230 1217 1352 1250 cura
1375 1210 1608 1260 novatur,

287 1304 403 1337 cum
415 1303 611 1337 memor
622 1298 741 1338 ante
754 1298 895 1339 actos
909 1305 1112 1353 semper
1123 1291 1272 1338 dolor
1284 1291 1524 1339 admonet
1544 1305 1728 1339 annos.

161 1383 255 1426 190
286 1378 374 1425 sed
402 1377 522 1425 licet
547 1379 809 1440 asperiora
836 1379 1023 1427 cadant
1047 1378 1344 1441 spolierque
1369 1379 1580 1438 relictis,

285 1480 391 1514 non
419 1474 470 1514 te
496 1465 734 1515 deficient
759 1474 968 1517 nostrae
993 1481 1277 1516 memorare
1303 1482 1561 1517 camenae.

285 1569 381 1603 nec
409 1555 577 1603 solum
603 1555 695 1603 tibi
721 1555 874 1604 Pierii
900 1556 1189 1605 tribuentur
1214 1556 1467 1605 honores:

286 1657 379 1705 pro
407 1650 458 1690 te
483 1643 562 1691 vel
586 1644 789 1707 rapidas
818 1644 984 1692 ausim
1008 1645 1162 1692 maris
1188 1645 1263 1692 ire
1289 1659 1380 1707 per
1406 1645 1588 1705 undas,

284 1731 508 1779 adversis
534 1732 751 1780 hiberna
775 1733 894 1780 licet
918 1740 1150 1781 tumeant
1176 1732 1309 1781 freta
1333 1734 1514 1794 ventis,

161 1826 255 1866 195
285 1833 379 1881 pro
407 1826 457 1868 te
482 1820 560 1868 vel
588 1820 758 1869 densis
784 1821 928 1869 solus
955 1821 1230 1870 subsistere
1255 1822 1433 1870 turmis

284 1908 363 1955 vel
393 1923 604 1969 parvum
629 1908 895 1956 Aetnaeae
920 1924 1108 1971 corpus
1135 1910 1452 1958 committere
1476 1910 1726 1957 flammae.

285 2009 398 2042 sum
425 1997 803 2059 quodcumque,
834 2004 980 2045 tuum
997 2004 1090 2045 est.
1147 1999 1307 2046 nostri
1324 1998 1367 2047 si
1381 1998 1595 2061 parvula
1608 2011 1734 2045 cura

284 2083 351 2131 sit
376 2084 485 2143 tibi,
519 2093 715 2147 quanta
738 2086 880 2145 libet,
914 2086 955 2134 si
982 2086 1049 2134 sit
1072 2087 1243 2146 modo,
1277 2100 1383 2134 non
1408 2086 1533 2134 mihi
1561 2100 1723 2147 regna

282 2171 463 2232 Lydia,
496 2188 601 2221 non
631 2174 805 2236 magni
831 2175 1004 2236 potior
1027 2174 1093 2222 sit
1116 2174 1254 2221 fama
1281 2173 1518 2237 Gylippi;

157 2266 255 2307 200
285 2274 438 2322 posse
463 2261 707 2309 Meleteas
734 2276 829 2310 nec
854 2263 1062 2310 mallem
1087 2263 1289 2311 vincere
1316 2263 1537 2311 chartas.

286 2348 423 2409 quod
449 2348 542 2395 tibi
567 2349 609 2396 si
636 2364 807 2398 versus
834 2358 1028 2410 noster,
1061 2358 1261 2399 totusve
1285 2351 1534 2411 minusve,

286 2437 362 2484 vel
390 2436 521 2484 bene
545 2436 612 2484 sit
637 2446 808 2497 nome,
840 2453 1042 2487 summo
1069 2441 1147 2488 vel
1171 2440 1361 2488 inerret
1384 2439 1436 2487 in
1466 2453 1570 2498 ore,

284 2525 429 2572 nulla
453 2524 575 2572 mihi
602 2532 830 2574 statuent
857 2527 1009 2575 finem
1032 2535 1083 2575 te
1109 2528 1215 2576 fata
1241 2529 1476 2576 canendi.

284 2612 410 2676 quin
438 2613 591 2661 etiam
616 2628 730 2662 mea
753 2623 861 2663 tum
886 2616 1115 2664 tumulus
1141 2630 1258 2663 cum
1281 2616 1467 2664 texerit
1492 2630 1630 2675 ossa,
