1942 3000
242 135 349 185 104
860 138 1114 177 CATULLI

806 365 1175 414 LXXXXVII.

240 507 358 555 Non
387 507 483 569 (ita
507 521 588 554 me
615 507 664 554 di
690 506 884 568 ament)
915 508 1193 569 quicquam
1219 508 1407 555 referre
1432 509 1624 570 putavi,

312 601 550 642 utrumne
577 608 633 642 os
660 609 726 642 an
754 595 927 642 culum
953 594 1229 642 olfacerem
1252 594 1494 642 AemiliO.

243 682 351 731 nilo
377 681 616 729 mundius
644 682 760 740 hoe,
790 682 1008 744 niloque
1032 681 1329 730 inmundior
1350 682 1458 741 ille,

312 784 486 819 verum
512 771 665 819 etiam
691 772 836 819 culus
862 771 1105 819 mundior
1132 779 1180 819 et
1205 772 1410 819 melior:

174 869 200 906 5
243 874 364 907 nam
389 858 500 906 sine
525 858 761 907 dentibus
790 867 881 907 est.
960 860 1130 908 dentis
1155 874 1213 908 os
1239 859 1629 923 sesquipedaliS‚

312 947 545 1010 gingivas
571 961 692 995 vero
718 947 945 1010 ploxemi
970 947 1125 996 habet
1149 948 1351 1008 veteriS,

240 1043 506 1099 praeterea
530 1035 713 1083 rictum
740 1036 944 1097 qualem
971 1034 1193 1082 diffissus
1219 1035 1271 1082 in
1298 1043 1443 1084 aestu

311 1124 549 1173 meientis
574 1124 744 1171 mulae
770 1138 969 1171 cunnus
998 1123 1188 1172 habere
1212 1125 1362 1172 solet.

792 1476 1184 1528 LXXXXVIII.

240 1638 337 1685 Hic
364 1638 519 1685 futuit
542 1637 726 1685 multas
756 1646 805 1685 et
829 1652 884 1685 se
909 1637 1033 1685 facit
1060 1652 1170 1685 esse
1198 1646 1484 1695 venustum,

313 1733 362 1773 et
388 1741 496 1773 non
519 1725 737 1788 pistrino
766 1725 982 1772 traditur
1007 1733 1161 1787 atque
1186 1723 1370 1771 asino?

241 1828 395 1876 quem
420 1814 569 1876 siqua
595 1813 814 1875 attingit,
849 1828 952 1861 non
982 1813 1124 1861 illam
1151 1827 1304 1874 posse
1331 1820 1567 1875 putemus

311 1902 507 1964 aegroti
536 1902 710 1950 culum
738 1902 932 1963 lingere
959 1901 1248 1949 carnificis?

772 2253 1192 2304 LXXXXVIIII.

235 2413 298 2462 In
324 2421 392 2475 te,
425 2413 468 2461 si
494 2414 546 2461 in
573 2428 902 2477 quemquam,
936 2414 1034 2462 dici
1063 2423 1202 2478 pote,
1234 2417 1413 2480 putide
1447 2415 1593 2473 Vini,

308 2503 359 2550 id
385 2503 525 2566 quod
552 2503 778 2552 verbosis
807 2503 990 2552 dicitur
1017 2513 1067 2552 et
1091 2505 1265 2554 famia.

234 2590 333 2640 ista
359 2607 475 2640 cum
501 2593 698 2655 lingua,
732 2593 775 2642 si
802 2608 922 2641 usus
950 2593 1121 2642 veniat
1144 2595 1257 2656 tibi,
1287 2595 1457 2659 possis
