1942 3000
268 184 375 235 262
858 188 1178 227 enormi-ru

341 343 516 392 onmia
541 341 605 392 ab
633 351 847 392 externo
871 344 976 392 sint
999 345 1152 393 modo
1178 352 1288 393 tuta
1313 345 1438 392 viro,

265 433 378 495 ipse
405 446 502 495 ego
529 433 771 481 venabor.
848 433 952 481 iam
976 448 1115 481 nunc
1139 448 1222 481 me
1248 448 1394 481 sacra
1418 433 1621 481 Dianae

339 522 599 583 suscipere
625 528 675 570 et
699 522 890 570 Veneri
916 536 1111 585 ponere
1136 530 1254 571 vota
1285 523 1438 570 iuvat.

267 609 517 671 incipiam
543 617 749 672 captare
775 610 907 659 feras
936 618 987 658 et
1012 611 1223 659 reddere
1247 611 1376 673 pinu

164 704 227 745 20
342 712 539 745 cornua
566 705 614 746 et
640 699 859 747 audaces
885 699 997 761 ipse
1022 713 1232 747 monere
1258 714 1442 758 canes;

266 801 376 834 non
400 794 574 835 tamen
598 795 656 835 ut
681 795 850 836 vastos
878 787 1044 835 ausim
1069 795 1317 851 temptare
1341 789 1517 836 leones

340 883 430 923 aut
455 876 591 924 celer
615 883 842 938 agrestes
869 877 1105 925 cominus
1130 876 1204 924 ire
1229 891 1375 925 sues:

265 963 393 1012 haec
417 965 576 1027 igitur
598 965 719 1012 mihi
746 965 813 1013 sit
838 964 1040 1027 lepores
1070 965 1286 1013 audacia
1309 965 1492 1013 molles

341 1053 580 1115 excipere
607 1060 657 1101 et
682 1052 858 1100 stricto
886 1054 1043 1115 figere
1068 1067 1214 1101 avem
1240 1053 1457 1113 calamo,

163 1148 227 1191 25
270 1156 374 1204 qua
399 1141 628 1189 formosa
652 1156 746 1189 suo
775 1139 1068 1189 Clitumnus
1095 1141 1306 1188 flumina
1331 1142 1450 1189 luco

339 1229 525 1292 integit
552 1237 602 1278 et
627 1230 803 1277 niveos
831 1229 995 1277 abluit
1019 1229 1158 1276 unda
1184 1230 1356 1277 boves.

267 1325 326 1366 tu
353 1317 594 1380 quotiens
624 1317 820 1380 aliquid
848 1318 1120 1376 conabere,
1153 1316 1274 1376 vita,
1304 1323 1562 1364 memento

337 1415 608 1455 venturum
633 1406 809 1469 paucis
836 1421 918 1454 me
943 1406 1037 1455 tibi
1063 1405 1308 1454 luciferis·

268 1496 343 1545 sic
371 1512 454 1545 me
478 1512 575 1546 nec
600 1497 743 1545 solae
770 1504 1013 1560 poterunt
1037 1504 1262 1545 avertere
1288 1496 1464 1556 silvae,

161 1592 228 1634 30
342 1600 439 1634 nec
465 1601 596 1649 vaga
622 1586 870 1634 muscosis
897 1585 1111 1633 flumina
1136 1585 1252 1635 fusa
1277 1585 1430 1647 iugis,

271 1674 399 1736 quin
427 1689 524 1737 ego
549 1675 603 1722 in
630 1675 845 1722 adsidua
869 1681 1062 1722 motem
1086 1681 1176 1721 tua
1200 1674 1412 1721 nomina
1434 1672 1634 1735 lingua,

340 1763 543 1811 absenti
570 1778 722 1812 nemo
750 1777 816 1811 ne
844 1762 1085 1810 nocuisse
1112 1762 1249 1809 velit.

956 2130 1076 2179 XX.

267 2289 406 2352 Quid
433 2292 522 2340 fles
550 2291 770 2339 abducta
794 2290 999 2353 gravius
1026 2288 1292 2337 Briseide?
1330 2287 1452 2349 quid
1477 2286 1567 2333 fles

339 2382 497 2428 anxia
524 2380 723 2443 captiva
749 2379 940 2427 tristius
967 2374 1364 2426 Andromacha?

264 2468 455 2531 quidve
479 2482 595 2516 mea
619 2468 681 2515 de
707 2467 886 2515 fraude
912 2467 1056 2526 dece,
1088 2467 1287 2522 insana,
1320 2461 1542 2523 fatigas?

342 2556 467 2618 quid
495 2555 719 2619 quereris
749 2563 976 2604 nostram
1001 2555 1075 2603 sic
1102 2552 1343 2602 cecidisse
1370 2549 1555 2598 fidem?

196 2653 226 2693 5
268 2660 377 2693 non
403 2653 509 2694 tam
533 2653 786 2694 nocturna
812 2644 1031 2692 volucris
1057 2643 1261 2690 funesta
1288 2639 1518 2701 querella
