1942 3000
293 147 363 197 72
886 152 1143 191 CATULLI

289 307 492 355 Thesea
517 320 613 354 ceu
638 307 821 369 pulsae
845 316 1116 356 ventorum
1139 308 1345 357 flamine
1372 311 1535 359 nubes

163 401 259 442 240
291 395 485 443 aerium
511 395 641 443 nivei
669 395 860 444 montis
885 396 1084 457 liquere
1109 411 1375 446 cacumen.

289 489 342 530 at
366 490 527 545 pater,
560 491 617 532 ut
640 499 844 531 summa
869 491 1204 546 prospectum
1227 499 1292 533 ex
1316 500 1434 535 arce
1460 487 1684 549 petebat,

290 570 446 619 anxia
471 571 525 619 in
551 571 791 620 adsiduos
816 573 1090 621 absumens
1117 573 1314 622 lumina
1341 574 1504 634 fletus,

288 673 404 707 cum
429 659 651 722 primum
676 659 855 708 infecti
881 661 1151 724 conspexit
1175 662 1333 710 lintea
1358 663 1473 722 veli,

286 746 615 810 praecipitem
642 762 753 797 sese
780 749 1111 811 scopulorum
1136 764 1165 797 e
1192 750 1380 799 vertice
1401 751 1539 809 iecit,

160 842 256 883 245
286 835 530 885 amissum
557 837 770 885 credens
792 836 960 884 inmiti
984 837 1187 886 Thesea
1211 838 1336 887 fato,

286 924 361 972 sic
385 923 591 973 funesta
617 925 798 974 domus
823 925 1089 987 ingressus
1121 934 1256 975 tecta
1280 935 1496 989 paterna

283 1020 447 1060 morte
474 1012 620 1061 ferox
645 1013 877 1062 Theseus
905 1015 1113 1077 qualem
1136 1015 1354 1063 Minoidi
1380 1015 1578 1064 luctum

284 1100 542 1149 obtulerat
564 1108 737 1150 mente
760 1102 1028 1150 inmemori
1056 1103 1347 1176 talem—ipse
1371 1103 1580 1166 recepit.

285 1203 418 1252 quae
443 1196 615 1237 tamen
640 1190 944 1253 adspectans
973 1192 1239 1240 cedentem
1261 1199 1456 1240 maesta
1487 1191 1720 1241 carinam

155 1285 253 1326 250
281 1276 592 1340 multiplices
618 1277 791 1326 animo
808 1280 1054 1328 <volvebat
1078 1281 1253 1329 saucia
1278 1295 1443 1329 curas.

285 1373 339 1414 at
363 1372 507 1428 parte
535 1380 599 1414 ex
624 1367 727 1415 alia
753 1366 942 1417 florens
968 1369 1214 1417 volitabat
1236 1370 1453 1418 Iacchus

282 1468 398 1503 cum
421 1454 589 1505 thiaso
618 1463 903 1518 satyrorum
930 1465 981 1505 et
1005 1456 1277 1521 Nysigenis
1305 1457 1500 1518 silenis,

280 1551 331 1592 te
356 1558 627 1606 quaerens,
658 1545 906 1605 Ariadna,
939 1554 1133 1609 tuoque
1158 1547 1399 1596 incensus
1425 1560 1617 1596 amore.

278 1735 410 1783 quae
436 1728 545 1769 tum
571 1722 766 1770 alacres
793 1723 986 1785 passim
1011 1724 1274 1786 lymphata
1292 1731 1463 1770 mente
1485 1721 1730 1772 furebant

149 1815 248 1860 255
281 1809 446 1857 euhoe
472 1810 798 1869 bacchanteS‚
833 1811 999 1859 euhoe
1025 1811 1196 1872 capita
1219 1811 1554 1860 inflectentes.

279 1896 458 1944 harum
485 1912 601 1960 pars
630 1906 763 1945 tecta
788 1898 1087 1960 quatiebant
1113 1898 1322 1960 cuspide
1343 1899 1565 1960 thyrsos,

275 2000 392 2047 pars
421 1999 449 2033 e
476 1984 672 2034 divolso
698 1985 956 2033 iactabant
979 1987 1208 2034 membra
1231 1987 1467 2047 iuvencO,

274 2088 391 2135 pars
418 2088 530 2122 sese
556 2074 701 2121 tortis
728 2073 1054 2135 serpentibus
1080 2074 1431 2138 incingebant,

274 2176 391 2223 pars
420 2162 640 2210 obscura
666 2161 798 2209 cavis
826 2162 1154 2212 celebrabant
1180 2164 1326 2226 orgia
1351 2164 1512 2224 cistis,

149 2254 247 2297 260
280 2249 425 2311 orgia
452 2263 586 2311 quae
609 2250 801 2297 frustra
827 2250 1042 2312 cupiunt
1065 2252 1242 2301 audire
1268 2253 1492 2315 profani,

273 2337 591 2400 plangebant
614 2339 747 2387 aliae
772 2339 999 2400 proceris
1025 2347 1267 2403 tympana
1291 2341 1475 2404 palmis

273 2432 361 2472 aut
388 2426 533 2473 tereti
558 2427 726 2475 tenuis
753 2427 969 2477 tinnitus
996 2442 1114 2477 aere
1139 2429 1361 2488 ciebant,

274 2513 449 2562 multis
478 2514 781 2565 raucisonos
809 2516 1054 2567 efflabant
1080 2534 1275 2568 cornua
1300 2521 1515 2569 bombos

270 2601 587 2665 barbaraque
613 2603 848 2653 horribili
874 2607 1118 2656 stridebat
1144 2608 1272 2657 tibia
1296 2618 1467 2656 cantu.
