1942 3000
264 138 368 189 226
848 142 1178 182 ΡΒΟΡΕΒΤΠ

901 404 1125 454 XVIIII.

258 563 376 612 Non
404 578 499 626 ego
527 579 666 616 nunc
690 564 861 612 tristes
887 578 1083 625 vereor,
1114 579 1230 614 mea
1256 563 1493 627 Cynthia,
1523 578 1721 625 manes,

331 666 428 700 nec
452 666 627 700 moror
652 659 880 700 extremo
908 651 1080 700 debita
1106 652 1213 700 fata
1238 666 1397 715 rogo:

263 741 352 789 sed
377 754 441 788 ne
467 719 915 796 forte'tuoaecareat
938 741 1067 789 mihi
1093 741 1249 789 funus
1275 754 1469 802 amore,

333 828 414 876 hic
441 829 595 876 timor
621 836 700 877 est
724 829 849 891 ipsis
875 829 1053 877 durior
1079 829 1328 891 exequiis,

195 924 221 964 5
261 932 369 972 non
394 917 522 965 adeo
550 917 729 966 leviter
752 918 944 967 nostris
970 932 1099 981 puer
1122 917 1290 966 haesit
1313 917 1512 979 ocellis,

333 1013 391 1054 ut
415 1019 558 1054 meus
584 1005 746 1053 oblito
772 1006 937 1069 pulvis
963 1021 1140 1056 amore
1164 1013 1326 1055 vacet.

257 1094 366 1142 illic
391 1093 692 1156 Phylacides
719 1094 974 1143 iucundae
1001 1095 1240 1158 coniugis
1266 1096 1418 1145 heros

327 1196 435 1231 non
462 1182 631 1245 potuit
654 1183 821 1232 caecis
844 1183 1099 1233 inmemor
1124 1198 1238 1233 esse
1254 1183 1413 1244 lociS,

257 1271 345 1319 sed
373 1271 587 1334 cupidus
613 1272 760 1320 falsis
785 1272 1039 1335 attingere
1064 1272 1253 1335 gaudia
1278 1272 1462 1336 palmis

153 1366 214 1409 10
325 1359 587 1408 Thessalis
616 1360 881 1424 antiquam
905 1368 1119 1409 venerat
1147 1362 1326 1410 umbra
1348 1361 1573 1411 domum.

254 1448 361 1498 illic
386 1449 636 1514 quidquid
664 1463 769 1509 ero,
804 1464 1005 1513 semper
1031 1457 1121 1498 tua
1146 1450 1287 1499 dicar
1311 1450 1514 1514 imago:

328 1539 500 1587 traicit
525 1546 575 1588 et
598 1539 690 1588 fati
717 1540 868 1589 litora
890 1555 1112 1602 magnus
1138 1555 1300 1588 amor.

252 1626 360 1675 illic
386 1627 644 1675 formosae
669 1628 878 1676 veniant
904 1628 1090 1676 chorus
1123 1628 1385 1688 heroinae,

327 1730 456 1777 quas
484 1715 622 1763 dedit
646 1716 851 1778 Argivis
877 1716 1125 1765 Dardana
1150 1717 1341 1780 praeda
1362 1716 1516 1777 viris;

153 1810 173 1851 1
188 1813 212 1852 5
255 1817 472 1866 quarum
496 1804 644 1851 nulla
668 1810 757 1852 tua
781 1805 938 1853 fuerit
961 1805 1106 1865 mihi,
1141 1804 1378 1868 Cynthia,
1412 1805 1578 1855 forma

324 1890 538 1953 gratior,
573 1897 622 1939 et
644 1891 823 1939 Tellus
849 1893 949 1940 hoc
973 1893 1046 1940 ita
1070 1893 1205 1941 iusta
1229 1894 1384 1941 sinat.

253 1979 485 2042 quamvis
511 1986 560 2027 te
585 1980 775 2043 longae
800 1990 1122 2029 remorentur
1148 1981 1253 2030 fata
1280 1989 1534 2042 senectae,

325 2083 444 2116 cara
467 2076 639 2117 tamen
666 2070 889 2118 lacrimis
918 2085 1039 2119 ossa
1062 2071 1236 2120 futura
1258 2071 1404 2120 meis.

253 2171 386 2220 quae
410 2165 467 2204 tu
492 2157 605 2206 viva
628 2172 744 2206 mea
769 2159 935 2220 possis
964 2160 1154 2209 sentire
1179 2160 1382 2208 favilla!

145 2252 209 2292 20
322 2253 430 2293 tum
455 2245 581 2293 mihi
606 2259 714 2293 non
739 2247 848 2295 ullo
875 2262 1013 2297 mors
1039 2248 1107 2297 sit
1131 2263 1306 2297 amara
1333 2249 1469 2298 loco.

251 2347 407 2395 quam
431 2347 610 2381 vereor
633 2348 699 2382 ne
724 2341 774 2383 te
801 2342 1116 2398 contempto,
1153 2335 1390 2398 Cynthia,
1423 2337 1573 2385 busto

322 2422 584 2470 abstrahat
608 2437 640 2470 a
665 2429 841 2472 nostro
869 2425 1078 2487 pulvere
1102 2425 1312 2488 iniquus
1340 2426 1518 2486 Amor,

251 2517 403 2570 cogat
431 2517 479 2557 et
504 2510 716 2558 invitam
741 2511 980 2560 lacrimas
1006 2513 1200 2562 siccare
1227 2513 1497 2562 cadentes!

322 2596 540 2645 flectitur
563 2598 788 2647 adsiduis
816 2607 956 2649 certa
981 2601 1157 2664 puella
1180 2601 1353 2649 minis,
1432 2642 1439 2647 .
