1942 3000
287 157 395 212 336
449 141 462 150 ”
877 157 1204 197 Pnormrrn

287 317 477 366 bucina
503 316 723 384 cogebat
746 314 942 378 priscos
969 314 1034 361 ad
1060 314 1212 361 verba
1240 311 1492 372 Quirites:

362 413 570 453 centum
594 403 672 451 illi
698 401 753 450 in
780 410 927 465 prato
955 414 1110 464 saepe
1136 408 1342 449 senatus
1371 407 1493 447 erat.

192 503 249 543 15
290 508 386 546 nec
413 492 625 544 sinuosa
649 505 775 544 cavo
803 490 1094 553 pendebant
1117 490 1229 537 vela
1254 490 1469 545 theatr0,

361 581 558 645 pulpita
584 577 848 628 sollemnis
875 593 982 627 non
1011 579 1188 626 oluere
1214 592 1412 626 crocos,

289 670 418 718 nulli
443 683 566 717 cura
590 667 688 716 fuit
714 677 951 716 externos
981 681 1227 729 quaerere
1252 667 1415 724 divo&

360 773 478 807 eum
503 764 738 807 tremeret
763 757 930 821 patrio
956 757 1183 819 pendula
1208 756 1359 803 turba
1384 769 1552 815 sacre,

290 863 465 897 annua
489 853 542 895 at
566 861 788 896 accenso
814 847 1075 898 celebrare
1099 845 1293 893 Parilia
1326 845 1497 903 saeue,

186 946 249 986 20
363 935 538 999 qualia
564 949 701 983 nunc
727 943 873 983 curto
898 935 1063 982 lustra
1088 941 1342 981 novantur
1367 947 1519 996 equo.

288 1024 450 1073 Vesta
475 1023 735 1072 coronatis
760 1036 956 1085 pauper
983 1022 1240 1085 gaudebat
1272 1022 1460 1080 asellis,

360 1112 617 1160 ducebant
640 1125 843 1159 macrae
866 1110 991 1157 vilia
1014 1125 1160 1157 sacra
1190 1110 1361 1157 boves,

291 1215 448 1264 parva
473 1199 694 1261 saginati
720 1198 1009 1246 lustrabant
1034 1197 1257 1260 compita
1283 1197 1442 1260 porci,

362 1296 539 1351 pastor
564 1296 613 1335 et
637 1287 701 1334 ad
728 1287 952 1334 calamos
982 1293 1101 1334 exta
1125 1286 1306 1333 litabat
1339 1285 1461 1333 ovis.

189 1383 251 1426 25
292 1377 502 1424 verbera
526 1375 733 1438 pellitus
761 1382 964 1422 saetosa
990 1375 1224 1422 movebat
1250 1381 1436 1432 arator,

363 1465 499 1514 unde
524 1465 684 1513 licens
710 1464 897 1513 Fabius
922 1478 1071 1512 sacra
1096 1464 1334 1527 lupercus
1362 1462 1532 1511 habet.

291 1568 388 1604 nec
413 1555 553 1602 rudis
581 1554 780 1603 infestis
805 1553 950 1602 miles
978 1553 1210 1600 radiabat
1235 1551 1289 1599 in
1315 1550 1497 1599 armis:

363 1643 647 1691 miscebant
673 1649 786 1691 usta
811 1641 1010 1704 proelia
1036 1640 1174 1688 nuda
1199 1639 1340 1688 sude.

292 1733 460 1796 prima
484 1731 729 1794 galeritus
755 1730 928 1795 posuit
953 1730 1216 1793 praetoria
1238 1727 1488 1790 Lycmon,

189 1828 250 1869 30
363 1834 656 1883 magnaque
681 1835 798 1882 pars
825 1818 978 1867 Tatio
1006 1832 1175 1866 rerum
1200 1823 1310 1864 erat
1331 1816 1466 1865 inter
1492 1829 1631 1864 oves.

292 1908 412 1956 hinc
436 1906 632 1956 Titiens
658 1906 985 1969 Ramnesque
1009 1905 1103 1952 viri
1127 1905 1456 1966 Luceresque
1482 1904 1682 1963 coloni,

365 2003 606 2059 quattuor
629 1995 750 2043 hinc
776 1996 922 2043 albos
947 1994 1199 2042 Romulus
1225 1992 1331 2055 egit
1356 2006 1536 2055 equos.

294 2084 483 2147 quippe
509 2085 835 2132 suburbanae
859 2098 1016 2146 parva
1042 2083 1239 2131 eminus
1267 2083 1392 2130 urbe
1416 2080 1671 2140 Bovillae,

364 2178 430 2231 et,
463 2171 552 2233 qui
579 2184 717 2219 nunc
742 2171 890 2230 nulli,
922 2170 1146 2218 maxima
1171 2169 1321 2217 turba
1348 2167 1498 2226 Gabi,

190 2266 251 2306 35
294 2267 344 2307 et
368 2258 508 2307 stetit
531 2258 670 2306 Alba
695 2266 893 2320 potens,
925 2259 1077 2306 albae
1103 2257 1209 2305 suis
1236 2257 1407 2305 omine
1431 2262 1571 2315 nata,

365 2345 478 2402 hac,
510 2344 598 2391 ubi
624 2344 842 2391 Fidenas
869 2345 1025 2406 longe
1052 2351 1160 2392 erat
1185 2344 1258 2392 ire
1284 2344 1409 2392 vias,

294 2428 365 2474 nil
392 2429 614 2488 patrium
639 2429 735 2475 nisi
763 2443 953 2476 nomen
979 2431 1134 2478 habet
1156 2431 1419 2479 Romanus
1446 2430 1724 2480 alumnus:

363 2513 629 2573 sang-uinis
657 2514 889 2562 altricem
914 2530 1020 2563 non
1047 2519 1205 2578 pudet
1231 2533 1344 2568 esse
1369 2520 1564 2582 lupam.

291 2597 391 2644 huc
415 2598 599 2644 melius
625 2599 872 2662 profugos
898 2602 1101 2663 misisti,
1132 2605 1306 2665 Troia,
1341 2614 1572 2669 penates.
