1942 3000
267 127 337 176 88
885 130 1142 168 exram

338 287 509 336 lenius
536 286 804 350 adspirans
830 301 955 334 aura
981 285 1206 334 secunda
1233 286 1373 334 venit

164 382 227 424 65
267 375 371 422 iam
395 388 547 438 prece
572 375 819 435 Pollucis,
849 374 952 422 iam
980 373 1205 422 Castoris
1232 373 1508 438 inplorata,

339 464 442 511 tale
467 463 565 511 fuit
591 464 739 511 nobis
765 462 971 511 Manius
1000 463 1267 511 auxilium.

267 552 310 599 is
338 552 570 600 clausum
595 552 701 599 lato
727 551 970 614 patefecit
996 552 1157 599 limite
1184 566 1436 614 eampum,

338 640 486 703 isque
511 640 722 687 domum
747 639 914 699 nobis,
945 640 1091 702 isque
1118 640 1256 688 dedit
1281 639 1556 698 domim,

269 727 332 775 ad
359 743 514 790 quam
543 742 837 776 communes
865 742 1217 777 exerceremus
1244 742 1459 777 amores.

166 824 226 865 70
340 831 443 879 quo
469 830 583 863 mea
608 829 663 865 se
687 816 833 864 molli
859 817 1079 865 candida
1105 817 1217 865 diva
1244 817 1374 880 pede

267 904 444 953 intulit
469 912 519 953 et
543 905 663 952 trito
689 904 974 967 fulgentem
1001 905 1054 952 in
1081 906 1258 954 limine
1284 905 1514 968 plantam

339 992 520 1040 innixa
546 1001 731 1055 arguta
757 994 1023 1041 constituit
1048 994 1206 1053 solea,

270 1081 504 1144 coniugis
530 1087 587 1128 ut
611 1081 872 1143 quondam
897 1082 1122 1144 flagrans
1150 1080 1354 1129 advenit
1376 1095 1551 1129 amore

339 1168 706 1218 Protesilaeam
731 1169 1016 1218 Laodamia
1041 1170 1249 1217 domum

168 1265 228 1305 75
269 1256 527 1320 inceptam
550 1258 756 1316 frustra,
789 1258 1020 1305 nondum
1046 1273 1162 1306 cum
1187 1257 1440 1321 sanguine
1465 1272 1613 1307 sacro

340 1345 507 1393 hostia
532 1346 764 1394 caelestis
791 1346 1112 1408 pacificasset
1136 1361 1268 1396 eros.

271 1434 344 1483 nil
373 1433 498 1481 mihi
525 1442 630 1482 tam
656 1434 800 1482 valde
826 1435 1045 1497 placeat,
1076 1434 1393 1483 Rhamnusia
1418 1434 1581 1496 virg0‚

343 1523 483 1585 quod
509 1530 698 1571 temere
721 1524 891 1572 invitis
919 1524 1228 1587 suscipiatur
1252 1524 1369 1573 eris.

270 1626 425 1674 quam
448 1611 623 1659 ieiuna
647 1612 788 1675 pium
812 1612 1063 1660 desideret
1087 1627 1177 1660 ara
1202 1624 1453 1667 cruorem,

168 1707 229 1747 80
342 1699 494 1747 docta
520 1706 596 1748 est-
620 1700 808 1748 amisso
833 1699 1117 1747 Laodamia
1144 1699 1270 1759 viro,

271 1787 505 1851 coniugis
530 1795 650 1836 ante
677 1796 855 1836 coacta
880 1788 1000 1835 novi
1027 1787 1276 1835 dimittere
1301 1786 1510 1845 collum,

343 1890 498 1938 quam
523 1876 731 1924 veniens
760 1890 862 1922 una
887 1882 1043 1937 atque
1069 1875 1231 1923 altera
1256 1890 1430 1924 rursus
1458 1876 1620 1924 hiems

271 1962 507 2013 noctibus
533 1964 588 2011 in
614 1964 785 2027 longis
812 1964 1019 2012 avidum
1044 1971 1323 2012 saturasset
1346 1978 1591 2023 amorem,

340 2059 515 2115 posset
540 2059 596 2100 ut
619 2053 839 2114 abrupto
865 2052 1030 2100 vivere
1056 2052 1315 2115 coniugio,

164 2147 227 2187 85
270 2141 407 2203 quod
436 2140 601 2188 scibat
626 2154 810 2203 parcae
837 2155 943 2189 non
970 2141 1131 2204 longo
1157 2148 1386 2205 tempore
1410 2140 1598 2200 abisse,

340 2228 382 2276 si
413 2229 560 2276 miles
584 2244 758 2277 muros
784 2229 909 2278 isset
933 2230 998 2277 ad
1023 2229 1239 2278 Iliacos:

268 2332 389 2365 nam
414 2324 522 2364 tum
546 2317 776 2365 Helenae
801 2325 954 2380 raptu
981 2317 1231 2381 primores
1257 2318 1568 2380 Argivorum

341 2413 579 2470 coeperat
603 2405 666 2454 ad
691 2420 803 2454 sese
827 2406 985 2454 Troia
1011 2406 1146 2455 ciere
1171 2406 1324 2466 viros,

267 2496 424 2544 Troia
461 2492 655 2559 (nefas)
697 2508 968 2543 commune
1002 2496 1294 2559 sepulcrum
1318 2494 1476 2543 Asiae
1503 2494 1767 2556 Europae·

481 2598 598 2647 que,
