1942 3000
793 159 973 199 LIBER
1003 160 1121 200 1111.

208 316 251 365 si
278 309 557 380 quic‘quam
584 325 693 365 tota
718 316 949 365 commisi
973 319 1134 367 stulta
1157 318 1382 380 iuventa,

280 405 423 453 cuius
448 420 531 453 me
554 405 721 453 fatear
744 406 1062 468 paenituisse
1085 408 1268 470 magia,

141 505 166 542 5
207 494 447 542 hesterna
472 509 628 556 quam
655 502 704 542 te
731 494 899 542 solum
926 495 1067 557 quod
1097 504 1250 545 nocte
1275 496 1478 561 reliqui,

278 582 514 631 ardorem
539 582 754 645 cupiens
781 583 1107 633 dissimulare
1130 599 1319 635 meum.

796 787 1113 796 ———-————

879 1025 1026 1076 XIII.

204 1202 362 1252 Nulla
385 1210 529 1251 tuum
553 1203 704 1251 nobis
732 1202 985 1252 subducet
1009 1204 1204 1253 femina
1229 1206 1448 1255 lectum:

276 1292 375 1340 hoc
403 1292 623 1354 primum
647 1292 825 1340 iuncta
851 1300 928 1341 est
951 1292 1161 1341 foedere
1185 1301 1362 1342 nostra
1387 1294 1584 1343 Venae.

204 1389 262 1429 tu
286 1380 409 1429 mihi
435 1381 548 1429 sola
574 1381 767 1443 placeS‚
796 1395 893 1429 nee
917 1380 1022 1430 iam
1047 1389 1097 1430 te
1122 1390 1325 1444 praeter
1348 1382 1403 1429 in
1429 1383 1554 1431 urbe

277 1470 504 1520 formosa
529 1477 607 1519 est
632 1470 797 1519 oeulis
823 1470 933 1519 ulla
958 1471 1133 1533 puella
1163 1471 1309 1520 meis·

143 1567 168 1608 5
210 1568 367 1622 atque
392 1559 591 1607 utinam
615 1573 794 1622 posses
821 1559 912 1608 uni
936 1560 1062 1608 mihi
1090 1561 1228 1609 bella
1252 1560 1441 1610 videri!

278 1649 551 1711 displiceas
577 1648 722 1696 aliis:
767 1648 841 1696 sic
868 1663 964 1710 ego
995 1654 1131 1696 tutus
1161 1661 1267 1696 ero,

203 1737 277 1786 nil
305 1752 435 1799 opus
460 1736 653 1785 invidia
680 1744 770 1796 est,
801 1738 986 1800 procul
1011 1736 1145 1785 absit
1170 1736 1337 1798 gloria
1362 1737 1531 1800 vulgi:

278 1826 366 1888 qui
394 1826 545 1888 sapit,
576 1826 630 1874 in
654 1826 814 1874 tacito
841 1826 1063 1888 gaudeat
1088 1826 1178 1873 ille
1204 1827 1340 1873 sinu.

205 1914 282 1962 sic
309 1928 405 1977 ego
432 1914 640 1962 seeretis
669 1929 882 1977 possum
908 1916 1038 1963 bene
1065 1915 1233 1963 vivere
1257 1914 1416 1974 silvie,

100 2012 119 2051 1
135 2011 160 2051 0
277 2018 381 2064 qua
404 2003 550 2050 nulla
575 2003 802 2051 humano
829 2003 896 2051 sit
918 2003 1003 2051 via
1025 2004 1148 2051 trita
1173 2002 1321 2066 pede.

205 2097 261 2138 tu
285 2091 408 2138 mihi
439 2105 676 2138 curarum
700 2091 923 2154 requieS,
954 2098 1012 2139 tn
1038 2099 1194 2140 nocte
1219 2092 1298 2140 vel
1325 2100 1438 2139 atra

275 2179 469 2238 lumen,
504 2187 554 2227 et
578 2179 632 2227 in
660 2179 784 2227 solis
812 2187 868 2228 tu
892 2179 1017 2227 mihi
1045 2181 1195 2228 turba
1219 2180 1369 2228 locis,

204 2282 344 2315 nunc
369 2268 492 2316 licet
518 2282 545 2316 e
571 2268 716 2316 caelo
741 2267 972 2316 mittatur
996 2268 1163 2317 amica
1186 2269 1416 2328 Tibullo,

274 2355 501 2405 mittetur
527 2356 735 2415 frustra,
767 2356 1073 2420 deficietque
1098 2357 1296 2405 Venus·

98 2453 119 2493 1
135 2454 161 2493 5
203 2445 331 2493 haec
358 2445 451 2493 tibi
478 2452 658 2493 sancta
682 2452 800 2493 tuae
826 2445 1042 2493 Iunonis
1070 2446 1284 2493 numina
1307 2445 1440 2505 iuro,

275 2548 409 2595 quae
433 2534 547 2582 sola
570 2541 692 2582 ante
716 2533 848 2581 alios
878 2540 955 2581 est
980 2533 1105 2581 mihi
1132 2549 1321 2595 magna
1345 2534 1487 2582 deos·

204 2622 331 2684 quid
359 2621 495 2671 facio
523 2621 769 2671 demens?
806 2622 907 2670 heu
933 2622 1036 2670 heu
1061 2636 1176 2669 mea
1200 2622 1422 2685 pignora
1448 2622 1592 2671 cedo,

1287 2730 1380 2777 13·

1601 162 1706 213 195
