1942 3000
278 122 385 190 Q
864 123 1187 163 PROPERTII

348 282 546 330 adferat
571 288 622 330 et
645 280 866 329 lacrimis
894 280 1070 328 omnia
1097 287 1219 328 nota
1245 281 1387 329 meiS.

174 378 236 419 25
276 385 359 419 me
384 371 510 429 sine,
546 383 699 431 quem
725 383 924 431 semper
948 368 1112 416 voluit
1135 369 1364 417 Fortuna
1389 369 1573 428 iacere,

350 460 482 507 hanc
507 458 730 505 animam
756 465 1014 506 extremae
1040 457 1250 505 reddere
1277 457 1554 519 nequitiae.

276 548 426 595 multi
451 546 739 609 longinquo
767 547 964 608 periere
989 546 1043 594 in
1071 560 1246 593 amore
1272 544 1507 605 libenter,

347 636 400 684 in
427 649 647 698 quorum
673 649 885 683 numero
912 649 994 683 me
1019 648 1230 697 quoque
1253 642 1387 681 terra
1410 641 1565 696 tegat.

275 741 383 774 non
412 739 646 787 egosum
671 723 826 784 laudi,
857 738 964 772 non
990 730 1142 771 natus
1167 722 1383 770 idoneus
1408 722 1588 770 armis:

176 820 237 862 30
348 813 483 861 hanc
506 827 590 861 me
614 812 849 861 militiam
873 812 981 860 fata
1006 812 1180 860 subire
1203 811 1399 859 volunt.

278 911 331 951 at
356 910 410 950 tu
438 916 527 950 scu
552 901 723 950 mollis
751 916 853 964 qua
876 901 1041 949 tendit
1063 900 1215 949 Ionia
1239 914 1330 948 seu
1356 913 1458 962 qua

348 990 513 1052 Lydia
536 990 736 1038 Pactoli
761 989 914 1052 tingit
938 996 1084 1037 arata
1106 989 1295 1051 liquor,

278 1093 369 1128 seu
393 1079 607 1143 pedibus
633 1086 792 1127 terras
818 1092 909 1126 seu
937 1085 1156 1140 pontum
1181 1091 1388 1139 carpere
1412 1076 1563 1125 remis

350 1168 462 1228 ibis,
497 1175 547 1215 et
570 1167 768 1229 accepti
795 1181 914 1230 pars
941 1166 1040 1214 eris
1066 1164 1284 1229 imperii,

178 1265 238 1307 35
280 1263 387 1305 tum
412 1255 506 1304 tibi
533 1257 683 1318 siqua
706 1256 806 1304 mei
831 1254 1003 1303 veniet
1026 1268 1135 1302 non
1159 1255 1412 1303 inmemor
1435 1253 1581 1312 hora,

350 1345 515 1393 vivere
539 1359 622 1393 me
648 1345 775 1393 duro
803 1344 968 1393 sidere
995 1351 1162 1392 certus
1188 1343 1306 1391 eris,

866 1547 1185 1557 -——————

865 1780 916 1845 {-
965 1787 1082 1836 VH.

278 1965 418 2013 Dum
441 1964 532 2012 tibi
560 1963 814 2013 Cadmeae
839 1963 1095 2023 dicuntur,
1129 1963 1361 2024 Pontice,
1393 1964 1603 2012 Thebae

350 2067 596 2117 armaque
621 2052 878 2100 fraternae
903 2052 1069 2100 tristia
1092 2053 1321 2113 militiae,

280 2150 451 2205 atque,
482 2143 554 2190 ita
578 2142 674 2190 sim
698 2141 842 2199 felix,
873 2142 1040 2204 primo
1068 2141 1333 2189 contendis
1360 2141 1602 2198 Homer0,

351 2231 453 2279 sint
476 2231 630 2279 modo
656 2231 763 2278 fat-a
788 2230 889 2278 tuis
916 2230 1096 2278 mollia
1122 2230 1450 2288 carminibus,

213 2329 237 2368 5
280 2334 391 2380 n08‚
421 2328 480 2368 ut
507 2333 831 2379 consuemuS‚
863 2325 1069 2366 nostros
1097 2319 1350 2381 agitamus
1377 2331 1594 2375 amores),

352 2415 507 2470 atque
532 2408 728 2471 aliquid
755 2407 936 2455 duram
962 2407 1254 2469 quaerimus
1281 2407 1335 2455 in
1362 2407 1649 2455 dominam:

281 2511 376 2545 nec
400 2504 598 2545 tantum
622 2496 833 2558 ingenio
862 2504 1113 2558 quantum
1136 2495 1324 2544 servire
1349 2495 1515 2543 dolori

352 2598 514 2647 cogor
538 2591 589 2633 et
612 2585 794 2634 aetatis
820 2591 1053 2647 tempora
1080 2584 1207 2631 dura
1233 2584 1394 2647 queri.
