1942 3000
749 158 925 196 LIBER
953 158 1068 195 1111.

235 331 428 380 perque
452 325 570 365 tuos
598 316 777 363 oculos
804 329 896 378 per
919 314 1233 377 geniumque
1256 326 1405 375 rogo.

53 463 59 471 κ
161 420 351 469 magne
375 405 510 467 geni.
546 418 670 467 cape
697 412 811 453 tura
834 404 1000 453 libens
1028 403 1262 466 votisque
1287 402 1475 461 faveto,

61 502 121 544 10
236 494 277 543 si
304 493 477 552 mod0,
513 508 629 541 cum
655 493 718 541 de
744 506 824 540 me
849 492 1059 554 cogitat,
1091 491 1180 540 ille
1207 491 1357 539 calet.

164 583 302 646 quod
329 582 372 630 si
399 581 532 630 forte
556 581 686 629 alios
712 580 816 629 iam
840 596 982 630 nunc
1007 580 1232 643 suspirat
1255 593 1474 640 amores,

233 679 343 719 tum
369 684 551 734 precor
573 669 778 728 infidos,
810 676 1004 728 sancte,
1037 669 1273 730 relinque
1297 668 1463 717 focos,

163 774 260 808 nec
286 768 341 807 tu
368 759 437 808 sis
462 759 669 817 iniusta,
701 757 908 805 Venust
951 758 1033 804 vel
1058 757 1246 805 serviat
1270 770 1435 819 aeque

234 849 435 896 vinctus
463 854 684 908 uterque·
702 845 814 905 tibi,
846 846 924 893 vel
949 860 1068 893 mea
1090 845 1261 893 vincla
1283 845 1414 893 leva.

59 947 75 985 1
97 947 122 987 5
164 937 253 986 sed
279 936 451 999 potius
478 935 648 982 valida
673 941 937 983 teneamur
960 941 1178 996 uterque
1203 939 1403 992 catena,

235 1026 383 1073 nulla
407 1030 566 1086 queat
588 1024 804 1086 posthac
828 1037 924 1070 nos
950 1022 1169 1070 soluisse
1193 1022 1319 1069 dies.

164 1119 311 1176 optat
332 1112 466 1159 idem
490 1112 850 1174 iuvenis-quod
876 1125 993 1170 nos,
1025 1110 1115 1159 sed
1140 1110 1322 1158 tectius
1349 1116 1525 1171 optate

237 1216 358 1249 nam
384 1200 541 1263 pudet
564 1200 692 1249 haec
716 1200 864 1248 illum
889 1200 1060 1248 dicere
1082 1199 1238 1247 verba
1263 1198 1452 1260 palam.

164 1297 218 1337 at
243 1296 316 1347 tu,
349 1289 554 1348 natalia,
588 1289 834 1351 quoniam
859 1288 984 1336 deus
1012 1287 1187 1335 omnia
1212 1286 1388 1344 sentis,

55 1387 119 1428 20
235 1376 432 1426 adnue:
477 1377 600 1441 quid
625 1377 799 1437 refert,
831 1377 1033 1424 clamne
1058 1376 1298 1438 palamne
1323 1372 1508 1434 roget?

857 1747 948 1795 VI.

159 1909 357 1958 Natalis
383 1910 535 1970 Iuno,
567 1916 774 1958 sanctos
801 1920 927 1970 cape
951 1907 1079 1955 turis
1106 1920 1332 1965 acervos,

233 2013 364 2061 quos
390 1998 482 2047 tibi
509 1997 596 2045 dat
620 2006 796 2045 tenera
822 1996 976 2044 docta
998 1995 1174 2058 puella
1197 2009 1371 2043 manu.

159 2095 272 2135 tota
295 2084 389 2134 tibi
416 2094 494 2136 est
518 2086 687 2145 hodie,
719 2085 811 2133 tibi
838 2099 894 2132 se
917 2084 1199 2132 laetissima
1225 2082 1461 2145 compsit,

230 2183 388 2222 staret
413 2182 469 2222 ut
494 2181 614 2222 ante
638 2181 753 2222 tuos
782 2172 1150 2235 conspicienda
1172 2172 1336 2220 focos·

84 2274 115 2314 5
156 2264 250 2311 illa
276 2263 484 2326 quidem
510 2261 729 2311 ornandi
756 2275 935 2310 causas
962 2261 1076 2320 tibi,
1111 2260 1242 2317 diva,
1273 2260 1496 2321 relegat:

233 2359 310 2400 est
334 2358 523 2406 tamen,
558 2350 759 2399 occulte
787 2351 871 2398 cui
896 2350 1155 2412 placuisse
1181 2349 1320 2397 velit.

232 2528 321 2576 sed
346 2527 517 2576 iuveni
548 2541 741 2590 quaeso
768 2534 947 2574 mutua
972 2526 1142 2574 vincla
1168 2540 1309 2588 para.

158 2615 234 2664 sic
260 2618 391 2665 bene
418 2630 712 2678 conpones=
756 2616 893 2664 ullae
917 2629 1027 2663 non
1054 2614 1145 2662 ille
1170 2613 1377 2676 puellae

1554 151 1656 201 1⁹1

157 2447 212 2487 at
237 2447 310 2499 tu,
342 2447 539 2498 sancta,
570 2439 702 2498 fave,
734 2453 835 2486 neu
861 2438 974 2500 quis
1002 2438 1212 2486 divellat
1236 2444 1483 2494 amantes,
1572 2476 1583 2487 .
