<?xml version="1.0" encoding="UTF-8"?>
<!DOCTYPE html PUBLIC "-//W3C//DTD XHTML 1.0 Transitional//EN"
    "http://www.w3.org/TR/xhtml1/DTD/xhtml1-transitional.dtd">
<html xmlns="http://www.w3.org/1999/xhtml" xml:lang="en" lang="en">
 <head>
  <title>
</title>
<meta http-equiv="Content-Type" content="text/html;charset=utf-8" />
  <meta name='ocr-system' content='tesseract 3.04.00' />
  <meta name='ocr-capabilities' content='ocr_page ocr_carea ocr_par ocr_line ocrx_word'/>
</head>
<body>
  <div class='ocr_page' id='page_1' title='image "./catullitibullip02vahlgoog_0306.png"; bbox 0 0 1942 3000; ppageno 0'>
   <div class='ocr_carea' id='block_1_1' title="bbox 259 146 1175 200">
    <p class='ocr_par' dir='ltr' id='par_1_1' title="bbox 259 146 1175 200">
     <span class='ocr_line' id='line_1_1' title="bbox 259 146 1175 200; baseline 0 -14"><span class='ocrx_word' id='word_1_1' title='bbox 259 146 375 200; x_wconf 14' lang='lat'><strong>*295</strong></span> <span class='ocrx_word' id='word_1_2' title='bbox 854 147 1175 186; x_wconf 70' lang='lat' dir='ltr'><strong>PROPERTH</strong></span> 
     </span>
    </p>
   </div>
   <div class='ocr_carea' id='block_1_2' title="bbox 90 302 1740 2658">
    <p class='ocr_par' dir='ltr' id='par_1_2' title="bbox 90 302 1740 2658">
     <span class='ocr_line' id='line_1_2' title="bbox 338 302 1509 366; baseline -0.002 -13"><span class='ocrx_word' id='word_1_3' title='bbox 338 311 475 353; x_wconf 80' lang='lat' dir='ltr'><strong>tutus</strong></span> <span class='ocrx_word' id='word_1_4' title='bbox 504 303 632 352; x_wconf 86' lang='lat' dir='ltr'><strong>eris:</strong></span> <span class='ocrx_word' id='word_1_5' title='bbox 674 303 843 351; x_wconf 89' lang='lat' dir='ltr'><strong>medio</strong></span> <span class='ocrx_word' id='word_1_6' title='bbox 871 302 1096 366; x_wconf 48' lang='lat' dir='ltr'><strong>martima</strong></span> <span class='ocrx_word' id='word_1_7' title='bbox 1118 303 1268 351; x_wconf 87' lang='lat' dir='ltr'><strong>turba</strong></span> <span class='ocrx_word' id='word_1_8' title='bbox 1291 302 1509 351; x_wconf 85' lang='lat' dir='ltr'><strong>marist.&#39;</strong></span> 
     </span>
     <span class='ocr_line' id='line_1_3' title="bbox 90 391 1662 454; baseline -0.001 -13"><span class='ocrx_word' id='word_1_9' title='bbox 90 392 95 397; x_wconf 82' lang='grc'><strong>’</strong></span> <span class='ocrx_word' id='word_1_10' title='bbox 162 401 226 443; x_wconf 80' lang='lat'><strong>25</strong></span> <span class='ocrx_word' id='word_1_11' title='bbox 267 392 481 453; x_wconf 76' lang='lat' dir='ltr'><strong>dixerat,</strong></span> <span class='ocrx_word' id='word_1_12' title='bbox 517 399 566 440; x_wconf 87' lang='lat' dir='ltr'><strong>et</strong></span> <span class='ocrx_word' id='word_1_13' title='bbox 590 392 787 454; x_wconf 87' lang='lat' dir='ltr'><strong>plectro</strong></span> <span class='ocrx_word' id='word_1_14' title='bbox 815 392 989 439; x_wconf 85' lang='lat' dir='ltr'><strong>sedem</strong></span> <span class='ocrx_word' id='word_1_15' title='bbox 1015 391 1139 438; x_wconf 86' lang='lat' dir='ltr'>mihi</span> <span class='ocrx_word' id='word_1_16' title='bbox 1165 398 1420 439; x_wconf 84' lang='lat' dir='ltr'><strong>monstrat</strong></span> <span class='ocrx_word' id='word_1_17' title='bbox 1446 393 1662 450; x_wconf 78' lang='lat' dir='ltr'><strong>eburae,</strong></span> 
     </span>
     <span class='ocr_line' id='line_1_4' title="bbox 339 480 1437 543; baseline 0 -15"><span class='ocrx_word' id='word_1_18' title='bbox 339 496 441 543; x_wconf 87' lang='lat' dir='ltr'><strong>qua</strong></span> <span class='ocrx_word' id='word_1_19' title='bbox 467 496 601 528; x_wconf 85' lang='lat' dir='ltr'><strong>nova</strong></span> <span class='ocrx_word' id='word_1_20' title='bbox 626 495 865 529; x_wconf 85' lang='lat' dir='ltr'><strong>muscoso</strong></span> <span class='ocrx_word' id='word_1_21' title='bbox 892 481 1072 528; x_wconf 83' lang='lat' dir='ltr'><strong>semita</strong></span> <span class='ocrx_word' id='word_1_22' title='bbox 1094 480 1232 527; x_wconf 88' lang='lat' dir='ltr'><strong>facta</strong></span> <span class='ocrx_word' id='word_1_23' title='bbox 1257 481 1437 528; x_wconf 83' lang='lat' dir='ltr'><strong>solost.</strong></span> 
     </span>
     <span class='ocr_line' id='line_1_5' title="bbox 267 567 1403 630; baseline -0.002 -14"><span class='ocrx_word' id='word_1_24' title='bbox 267 569 351 617; x_wconf 87' lang='lat' dir='ltr'><strong>hic</strong></span> <span class='ocrx_word' id='word_1_25' title='bbox 378 575 485 617; x_wconf 85' lang='lat' dir='ltr'><strong>erat</strong></span> <span class='ocrx_word' id='word_1_26' title='bbox 510 568 692 616; x_wconf 83' lang='lat' dir='ltr'><strong>adfixis</strong></span> <span class='ocrx_word' id='word_1_27' title='bbox 719 568 891 615; x_wconf 88' lang='lat' dir='ltr'><strong>viridis</strong></span> <span class='ocrx_word' id='word_1_28' title='bbox 919 568 1168 629; x_wconf 84' lang='lat' dir='ltr'><strong>spelunca</strong></span> <span class='ocrx_word' id='word_1_29' title='bbox 1194 567 1403 630; x_wconf 83' lang='lat' dir='ltr'><strong>lapillis,</strong></span> 
     </span>
     <span class='ocr_line' id='line_1_6' title="bbox 339 655 1498 720; baseline -0.002 -15"><span class='ocrx_word' id='word_1_30' title='bbox 339 657 735 720; x_wconf 80' lang='lat' dir='ltr'><strong>pendebantque</strong></span> <span class='ocrx_word' id='word_1_31' title='bbox 762 655 895 704; x_wconf 84' lang='lat' dir='ltr'><strong>cavis</strong></span> <span class='ocrx_word' id='word_1_32' title='bbox 922 662 1166 717; x_wconf 81' lang='lat' dir='ltr'><strong>tympana</strong></span> <span class='ocrx_word' id='word_1_33' title='bbox 1191 655 1498 718; x_wconf 76' lang='lat' dir='ltr'><strong>pumicibu8‚</strong></span> 
     </span>
     <span class='ocr_line' id='line_1_7' title="bbox 268 742 1386 807; baseline -0.002 -15"><span class='ocrx_word' id='word_1_34' title='bbox 268 745 416 806; x_wconf 85' lang='lat' dir='ltr'><strong>orgia</strong></span> <span class='ocrx_word' id='word_1_35' title='bbox 438 751 735 807; x_wconf 82' lang='lat' dir='ltr'><strong>mystarum,</strong></span> <span class='ocrx_word' id='word_1_36' title='bbox 769 750 817 791; x_wconf 86' lang='lat' dir='ltr'><strong>et</strong></span> <span class='ocrx_word' id='word_1_37' title='bbox 842 742 1002 792; x_wconf 82' lang='lat' dir='ltr'><strong>Sileni</strong></span> <span class='ocrx_word' id='word_1_38' title='bbox 1029 742 1186 805; x_wconf 87' lang='lat' dir='ltr'><strong>patris</strong></span> <span class='ocrx_word' id='word_1_39' title='bbox 1214 742 1386 805; x_wconf 80' lang='lat' dir='ltr'>imago</span> 
     </span>
     <span class='ocr_line' id='line_1_8' title="bbox 163 830 1388 892; baseline -0.002 -12"><span class='ocrx_word' id='word_1_40' title='bbox 163 839 225 881; x_wconf 76' lang='grc'><strong>30</strong></span> <span class='ocrx_word' id='word_1_41' title='bbox 339 832 526 891; x_wconf 84' lang='lat' dir='ltr'><strong>fictilis,</strong></span> <span class='ocrx_word' id='word_1_42' title='bbox 559 840 609 880; x_wconf 88' lang='lat' dir='ltr'><strong>et</strong></span> <span class='ocrx_word' id='word_1_43' title='bbox 634 830 837 890; x_wconf 82' lang='lat' dir='ltr'>calami,</span> <span class='ocrx_word' id='word_1_44' title='bbox 869 830 980 877; x_wconf 88' lang='lat' dir='ltr'><strong>Pan</strong></span> <span class='ocrx_word' id='word_1_45' title='bbox 1009 830 1261 892; x_wconf 85' lang='lat' dir='ltr'><strong>Tegeaee,</strong></span> <span class='ocrx_word' id='word_1_46' title='bbox 1294 831 1388 890; x_wconf 87' lang='lat' dir='ltr'><strong>tui,</strong></span> 
     </span>
     <span class='ocr_line' id='line_1_9' title="bbox 268 919 1740 979; baseline -0.001 -11"><span class='ocrx_word' id='word_1_47' title='bbox 268 928 317 968; x_wconf 88' lang='lat' dir='ltr'><strong>et</strong></span> <span class='ocrx_word' id='word_1_48' title='bbox 341 921 558 972; x_wconf 83' lang='lat' dir='ltr'><strong>Veneris</strong></span> <span class='ocrx_word' id='word_1_49' title='bbox 584 919 821 968; x_wconf 85' lang='lat' dir='ltr'><strong>dominae</strong></span> <span class='ocrx_word' id='word_1_50' title='bbox 848 919 1101 978; x_wconf 85' lang='lat' dir='ltr'><strong>volucres,</strong></span> <span class='ocrx_word' id='word_1_51' title='bbox 1133 934 1248 968; x_wconf 81' lang='lat' dir='ltr'><strong>mea</strong></span> <span class='ocrx_word' id='word_1_52' title='bbox 1271 920 1438 979; x_wconf 87' lang='lat' dir='ltr'><strong>turba,</strong></span> <span class='ocrx_word' id='word_1_53' title='bbox 1471 920 1740 970; x_wconf 84' lang='lat' dir='ltr'><strong>columbae</strong></span> 
     </span>
     <span class='ocr_line' id='line_1_10' title="bbox 335 1005 1405 1069; baseline -0.001 -13"><span class='ocrx_word' id='word_1_54' title='bbox 335 1008 542 1069; x_wconf 84' lang='lat' dir='ltr'><strong>tingunt</strong></span> <span class='ocrx_word' id='word_1_55' title='bbox 569 1006 836 1068; x_wconf 84' lang='lat' dir='ltr'><strong>Gorgonio</strong></span> <span class='ocrx_word' id='word_1_56' title='bbox 863 1005 1053 1068; x_wconf 83' lang='lat' dir='ltr'><strong>punica</strong></span> <span class='ocrx_word' id='word_1_57' title='bbox 1080 1015 1244 1055; x_wconf 85' lang='lat' dir='ltr'><strong>rostra</strong></span> <span class='ocrx_word' id='word_1_58' title='bbox 1267 1008 1405 1066; x_wconf 86' lang='lat' dir='ltr'><strong>lacu,</strong></span> 
     </span>
     <span class='ocr_line' id='line_1_11' title="bbox 268 1094 1418 1158; baseline -0.001 -14"><span class='ocrx_word' id='word_1_59' title='bbox 268 1095 597 1157; x_wconf 82' lang='lat' dir='ltr'><strong>diversaeque</strong></span> <span class='ocrx_word' id='word_1_60' title='bbox 624 1108 806 1142; x_wconf 89' lang='lat' dir='ltr'><strong>novem</strong></span> <span class='ocrx_word' id='word_1_61' title='bbox 830 1094 1044 1142; x_wconf 83' lang='lat' dir='ltr'><strong>sortitae</strong></span> <span class='ocrx_word' id='word_1_62' title='bbox 1069 1110 1187 1142; x_wconf 86' lang='lat' dir='ltr'><strong>rura</strong></span> <span class='ocrx_word' id='word_1_63' title='bbox 1212 1095 1418 1158; x_wconf 84' lang='lat' dir='ltr'><strong>puellae</strong></span> 
     </span>
     <span class='ocr_line' id='line_1_12' title="bbox 338 1182 1401 1232; baseline -0.001 -1"><span class='ocrx_word' id='word_1_64' title='bbox 338 1189 579 1232; x_wconf 83' lang='lat' dir='ltr'><strong>exercent</strong></span> <span class='ocrx_word' id='word_1_65' title='bbox 604 1190 807 1230; x_wconf 87' lang='lat' dir='ltr'><strong>teneras</strong></span> <span class='ocrx_word' id='word_1_66' title='bbox 832 1182 887 1230; x_wconf 90' lang='lat' dir='ltr'><strong>in</strong></span> <span class='ocrx_word' id='word_1_67' title='bbox 914 1197 1007 1230; x_wconf 83' lang='lat' dir='ltr'><strong>sua</strong></span> <span class='ocrx_word' id='word_1_68' title='bbox 1035 1183 1174 1230; x_wconf 87' lang='lat' dir='ltr'><strong>dona</strong></span> <span class='ocrx_word' id='word_1_69' title='bbox 1200 1197 1401 1230; x_wconf 71' lang='lat' dir='ltr'><strong>manue.</strong></span> 
     </span>
     <span class='ocr_line' id='line_1_13' title="bbox 164 1270 1718 1333; baseline -0.001 -12"><span class='ocrx_word' id='word_1_70' title='bbox 164 1280 225 1321; x_wconf 79' lang='lat'><strong>35</strong></span> <span class='ocrx_word' id='word_1_71' title='bbox 266 1273 392 1321; x_wconf 83' lang='lat' dir='ltr'><strong>haec</strong></span> <span class='ocrx_word' id='word_1_72' title='bbox 419 1271 632 1320; x_wconf 84' lang='lat' dir='ltr'><strong>hederas</strong></span> <span class='ocrx_word' id='word_1_73' title='bbox 658 1270 786 1333; x_wconf 88' lang='lat' dir='ltr'><strong>legit</strong></span> <span class='ocrx_word' id='word_1_74' title='bbox 808 1271 864 1318; x_wconf 88' lang='lat' dir='ltr'><strong>in</strong></span> <span class='ocrx_word' id='word_1_75' title='bbox 890 1271 1110 1333; x_wconf 75' lang='lat' dir='ltr'><strong>thyrSOS,</strong></span> <span class='ocrx_word' id='word_1_76' title='bbox 1143 1271 1269 1319; x_wconf 83' lang='lat' dir='ltr'><strong>haec</strong></span> <span class='ocrx_word' id='word_1_77' title='bbox 1298 1271 1527 1320; x_wconf 81' lang='lat' dir='ltr'><strong>carmina</strong></span> <span class='ocrx_word' id='word_1_78' title='bbox 1551 1271 1718 1319; x_wconf 87' lang='lat' dir='ltr'><strong>nervis</strong></span> 
     </span>
     <span class='ocr_line' id='line_1_14' title="bbox 336 1359 1486 1426; baseline 0.001 -18"><span class='ocrx_word' id='word_1_79' title='bbox 336 1368 494 1423; x_wconf 87' lang='lat' dir='ltr'><strong>aptat,</strong></span> <span class='ocrx_word' id='word_1_80' title='bbox 528 1367 579 1407; x_wconf 89' lang='lat' dir='ltr'><strong>et</strong></span> <span class='ocrx_word' id='word_1_81' title='bbox 602 1359 696 1426; x_wconf 66' lang='lat' dir='ltr'><strong>illa</strong></span> <span class='ocrx_word' id='word_1_82' title='bbox 719 1373 877 1407; x_wconf 88' lang='lat' dir='ltr'><strong>manu</strong></span> <span class='ocrx_word' id='word_1_83' title='bbox 901 1359 1030 1407; x_wconf 85' lang='lat' dir='ltr'><strong>texit</strong></span> <span class='ocrx_word' id='word_1_84' title='bbox 1052 1368 1271 1422; x_wconf 85' lang='lat' dir='ltr'><strong>utraque</strong></span> <span class='ocrx_word' id='word_1_85' title='bbox 1296 1374 1486 1410; x_wconf 83' lang='lat' dir='ltr'><strong>rosam.</strong></span> 
     </span>
     <span class='ocr_line' id='line_1_15' title="bbox 195 1448 1526 1513; baseline 0.001 -16"><span class='ocrx_word' id='word_1_86' title='bbox 195 1487 197 1489; x_wconf 22' lang='lat' dir='ltr'>v</span> <span class='ocrx_word' id='word_1_87' title='bbox 267 1463 295 1497; x_wconf 89' lang='lat' dir='ltr'><strong>e</strong></span> <span class='ocrx_word' id='word_1_88' title='bbox 320 1463 536 1513; x_wconf 85' lang='lat' dir='ltr'><strong>quarum</strong></span> <span class='ocrx_word' id='word_1_89' title='bbox 563 1462 777 1496; x_wconf 86' lang='lat' dir='ltr'><strong>numero</strong></span> <span class='ocrx_word' id='word_1_90' title='bbox 802 1462 885 1496; x_wconf 90' lang='lat' dir='ltr'><strong>me</strong></span> <span class='ocrx_word' id='word_1_91' title='bbox 911 1448 1132 1511; x_wconf 86' lang='lat' dir='ltr'><strong>contigit</strong></span> <span class='ocrx_word' id='word_1_92' title='bbox 1156 1463 1259 1496; x_wconf 84' lang='lat' dir='ltr'><strong>una</strong></span> <span class='ocrx_word' id='word_1_93' title='bbox 1285 1448 1526 1498; x_wconf 82' lang='lat' dir='ltr'><strong>dearum:</strong></span> 
     </span>
     <span class='ocr_line' id='line_1_16' title="bbox 336 1535 1205 1599; baseline 0 -15"><span class='ocrx_word' id='word_1_94' title='bbox 336 1545 393 1584; x_wconf 89' lang='lat' dir='ltr'><strong>ut</strong></span> <span class='ocrx_word' id='word_1_95' title='bbox 416 1551 533 1587; x_wconf 89' lang='lat' dir='ltr'><strong>reor</strong></span> <span class='ocrx_word' id='word_1_96' title='bbox 556 1552 588 1584; x_wconf 84' lang='lat' dir='ltr'><strong>a</strong></span> <span class='ocrx_word' id='word_1_97' title='bbox 612 1537 763 1596; x_wconf 87' lang='lat' dir='ltr'><strong>facie,</strong></span> <span class='ocrx_word' id='word_1_98' title='bbox 797 1535 1067 1599; x_wconf 88' lang='lat' dir='ltr'><strong>Calliopea</strong></span> <span class='ocrx_word' id='word_1_99' title='bbox 1092 1537 1205 1585; x_wconf 76' lang='lat' dir='ltr'><strong>fuit.</strong></span> 
     </span>
     <span class='ocr_line' id='line_1_17' title="bbox 262 1625 1483 1688; baseline 0.001 -15"><span class='ocrx_word' id='word_1_100' title='bbox 262 1626 553 1673; x_wconf 85' lang='lat' dir='ltr'><strong>‘contentus</strong></span> <span class='ocrx_word' id='word_1_101' title='bbox 582 1625 742 1673; x_wconf 87' lang='lat' dir='ltr'><strong>niveis</strong></span> <span class='ocrx_word' id='word_1_102' title='bbox 770 1639 971 1688; x_wconf 86' lang='lat' dir='ltr'><strong>semper</strong></span> <span class='ocrx_word' id='word_1_103' title='bbox 996 1626 1265 1674; x_wconf 83' lang='lat' dir='ltr'><strong>vectabere</strong></span> <span class='ocrx_word' id='word_1_104' title='bbox 1291 1625 1483 1688; x_wconf 71' lang='lat' dir='ltr'><strong>cycniS,</strong></span> 
     </span>
     <span class='ocr_line' id='line_1_18' title="bbox 159 1713 1470 1775; baseline 0 -12"><span class='ocrx_word' id='word_1_105' title='bbox 159 1722 222 1763; x_wconf 87' lang='grc'><strong>40</strong></span> <span class='ocrx_word' id='word_1_106' title='bbox 337 1730 432 1762; x_wconf 89' lang='lat' dir='ltr'><strong>nec</strong></span> <span class='ocrx_word' id='word_1_107' title='bbox 459 1722 508 1762; x_wconf 89' lang='lat' dir='ltr'><strong>te</strong></span> <span class='ocrx_word' id='word_1_108' title='bbox 534 1714 681 1762; x_wconf 82' lang='lat' dir='ltr'><strong>fortis</strong></span> <span class='ocrx_word' id='word_1_109' title='bbox 710 1713 828 1775; x_wconf 91' lang='lat' dir='ltr'><strong>equi</strong></span> <span class='ocrx_word' id='word_1_110' title='bbox 855 1714 1009 1761; x_wconf 88' lang='lat' dir='ltr'><strong>ducet</strong></span> <span class='ocrx_word' id='word_1_111' title='bbox 1033 1714 1098 1761; x_wconf 90' lang='lat' dir='ltr'><strong>ad</strong></span> <span class='ocrx_word' id='word_1_112' title='bbox 1124 1729 1264 1762; x_wconf 86' lang='lat' dir='ltr'><strong>arma</strong></span> <span class='ocrx_word' id='word_1_113' title='bbox 1291 1729 1470 1763; x_wconf 75' lang='lat' dir='ltr'><strong>sonus,</strong></span> 
     </span>
     <span class='ocr_line' id='line_1_19' title="bbox 265 1800 1477 1862; baseline -0.001 -13"><span class='ocrx_word' id='word_1_114' title='bbox 265 1802 339 1849; x_wconf 90' lang='lat' dir='ltr'><strong>nil</strong></span> <span class='ocrx_word' id='word_1_115' title='bbox 367 1802 459 1849; x_wconf 88' lang='lat' dir='ltr'><strong>tibi</strong></span> <span class='ocrx_word' id='word_1_116' title='bbox 487 1802 554 1849; x_wconf 88' lang='lat' dir='ltr'><strong>sit</strong></span> <span class='ocrx_word' id='word_1_117' title='bbox 578 1815 736 1848; x_wconf 88' lang='lat' dir='ltr'><strong>rauco</strong></span> <span class='ocrx_word' id='word_1_118' title='bbox 762 1800 1042 1862; x_wconf 85' lang='lat' dir='ltr'><strong>praeconia</strong></span> <span class='ocrx_word' id='word_1_119' title='bbox 1067 1801 1283 1848; x_wconf 85' lang='lat' dir='ltr'><strong>classica</strong></span> <span class='ocrx_word' id='word_1_120' title='bbox 1315 1816 1477 1849; x_wconf 87' lang='lat' dir='ltr'><strong>cornu</strong></span> 
     </span>
     <span class='ocr_line' id='line_1_20' title="bbox 334 1888 1533 1948; baseline -0.001 -10"><span class='ocrx_word' id='word_1_121' title='bbox 334 1891 474 1948; x_wconf 83' lang='lat' dir='ltr'><strong>flare,</strong></span> <span class='ocrx_word' id='word_1_122' title='bbox 508 1903 602 1937; x_wconf 89' lang='lat' dir='ltr'><strong>nec</strong></span> <span class='ocrx_word' id='word_1_123' title='bbox 627 1888 856 1935; x_wconf 89' lang='lat' dir='ltr'><strong>Aonium</strong></span> <span class='ocrx_word' id='word_1_124' title='bbox 878 1888 1114 1948; x_wconf 86' lang='lat' dir='ltr'><strong>tinguere</strong></span> <span class='ocrx_word' id='word_1_125' title='bbox 1139 1888 1307 1936; x_wconf 82' lang='lat' dir='ltr'><strong>Marte</strong></span> <span class='ocrx_word' id='word_1_126' title='bbox 1332 1903 1533 1948; x_wconf 75' lang='lat' dir='ltr'><strong>nemu8‚</strong></span> 
     </span>
     <span class='ocr_line' id='line_1_21' title="bbox 262 1975 1521 2042; baseline 0.002 -17"><span class='ocrx_word' id='word_1_127' title='bbox 262 1985 348 2025; x_wconf 86' lang='lat' dir='ltr'><strong>aut</strong></span> <span class='ocrx_word' id='word_1_128' title='bbox 373 1978 556 2039; x_wconf 87' lang='lat' dir='ltr'><strong>quibus</strong></span> <span class='ocrx_word' id='word_1_129' title='bbox 582 1976 636 2022; x_wconf 92' lang='lat' dir='ltr'><strong>in</strong></span> <span class='ocrx_word' id='word_1_130' title='bbox 665 1975 858 2037; x_wconf 84' lang='lat' dir='ltr'><strong>campis</strong></span> <span class='ocrx_word' id='word_1_131' title='bbox 883 1975 1120 2024; x_wconf 82' lang='lat' dir='ltr'><strong>Mariano</strong></span> <span class='ocrx_word' id='word_1_132' title='bbox 1149 1978 1347 2040; x_wconf 87' lang='lat' dir='ltr'><strong>proelia</strong></span> <span class='ocrx_word' id='word_1_133' title='bbox 1371 1979 1521 2042; x_wconf 88' lang='lat' dir='ltr'><strong>siguo</strong></span> 
     </span>
     <span class='ocr_line' id='line_1_22' title="bbox 333 2063 1515 2130; baseline 0.003 -18"><span class='ocrx_word' id='word_1_134' title='bbox 333 2071 468 2112; x_wconf 86' lang='lat' dir='ltr'><strong>stent</strong></span> <span class='ocrx_word' id='word_1_135' title='bbox 495 2070 544 2111; x_wconf 88' lang='lat' dir='ltr'><strong>et</strong></span> <span class='ocrx_word' id='word_1_136' title='bbox 567 2063 880 2112; x_wconf 83' lang='lat' dir='ltr'><strong>Teutonicas</strong></span> <span class='ocrx_word' id='word_1_137' title='bbox 905 2063 1072 2112; x_wconf 89' lang='lat' dir='ltr'><strong>Roma</strong></span> <span class='ocrx_word' id='word_1_138' title='bbox 1099 2066 1349 2129; x_wconf 85' lang='lat' dir='ltr'><strong>refringat</strong></span> <span class='ocrx_word' id='word_1_139' title='bbox 1374 2082 1515 2130; x_wconf 74' lang='lat' dir='ltr'><strong>ope8‚</strong></span> 
     </span>
     <span class='ocr_line' id='line_1_23' title="bbox 156 2153 1608 2218; baseline 0.002 -17"><span class='ocrx_word' id='word_1_140' title='bbox 156 2161 220 2201; x_wconf 82' lang='lat'><strong>45</strong></span> <span class='ocrx_word' id='word_1_141' title='bbox 262 2153 508 2201; x_wconf 83' lang='lat' dir='ltr'><strong>barbarus</strong></span> <span class='ocrx_word' id='word_1_142' title='bbox 534 2159 625 2201; x_wconf 85' lang='lat' dir='ltr'><strong>aut</strong></span> <span class='ocrx_word' id='word_1_143' title='bbox 650 2153 817 2203; x_wconf 88' lang='lat' dir='ltr'><strong>Suevo</strong></span> <span class='ocrx_word' id='word_1_144' title='bbox 844 2154 1082 2216; x_wconf 84' lang='lat' dir='ltr'><strong>perfusus</strong></span> <span class='ocrx_word' id='word_1_145' title='bbox 1119 2157 1373 2218; x_wconf 84' lang='lat' dir='ltr'><strong>sanguine</strong></span> <span class='ocrx_word' id='word_1_146' title='bbox 1395 2155 1608 2204; x_wconf 82' lang='lat' dir='ltr'><strong>Rhenus</strong></span> 
     </span>
     <span class='ocr_line' id='line_1_24' title="bbox 332 2240 1396 2307; baseline 0.004 -18"><span class='ocrx_word' id='word_1_147' title='bbox 332 2240 506 2289; x_wconf 85' lang='lat' dir='ltr'><strong>saucia</strong></span> <span class='ocrx_word' id='word_1_148' title='bbox 531 2241 779 2290; x_wconf 87' lang='lat' dir='ltr'><strong>maerenti</strong></span> <span class='ocrx_word' id='word_1_149' title='bbox 807 2257 1027 2305; x_wconf 81' lang='lat' dir='ltr'><strong>corpora</strong></span> <span class='ocrx_word' id='word_1_150' title='bbox 1052 2252 1217 2293; x_wconf 86' lang='lat' dir='ltr'><strong>vectet</strong></span> <span class='ocrx_word' id='word_1_151' title='bbox 1243 2259 1396 2307; x_wconf 82' lang='lat' dir='ltr'><strong>aqua.</strong></span> 
     </span>
     <span class='ocr_line' id='line_1_25' title="bbox 261 2329 1543 2392; baseline 0.004 -16"><span class='ocrx_word' id='word_1_152' title='bbox 261 2329 454 2392; x_wconf 89' lang='lat' dir='ltr'><strong>quippe</strong></span> <span class='ocrx_word' id='word_1_153' title='bbox 480 2337 755 2379; x_wconf 83' lang='lat' dir='ltr'><strong>coronatos</strong></span> <span class='ocrx_word' id='word_1_154' title='bbox 781 2331 1009 2380; x_wconf 85' lang='lat' dir='ltr'><strong>alienum</strong></span> <span class='ocrx_word' id='word_1_155' title='bbox 1034 2332 1099 2381; x_wconf 91' lang='lat' dir='ltr'><strong>ad</strong></span> <span class='ocrx_word' id='word_1_156' title='bbox 1124 2333 1280 2381; x_wconf 86' lang='lat' dir='ltr'><strong>limen</strong></span> <span class='ocrx_word' id='word_1_157' title='bbox 1315 2340 1543 2381; x_wconf 79' lang='lat' dir='ltr'><strong>amantes</strong></span> 
     </span>
     <span class='ocr_line' id='line_1_26' title="bbox 332 2421 1443 2484; baseline 0.004 -18"><span class='ocrx_word' id='word_1_158' title='bbox 332 2427 720 2481; x_wconf 86' lang='lat' dir='ltr'><strong>nocturnaeque</strong></span> <span class='ocrx_word' id='word_1_159' title='bbox 747 2434 899 2468; x_wconf 86' lang='lat' dir='ltr'><strong>canes</strong></span> <span class='ocrx_word' id='word_1_160' title='bbox 927 2421 1069 2470; x_wconf 88' lang='lat' dir='ltr'><strong>ebria</strong></span> <span class='ocrx_word' id='word_1_161' title='bbox 1094 2422 1246 2483; x_wconf 82' lang='lat' dir='ltr'><strong>signa</strong></span> <span class='ocrx_word' id='word_1_162' title='bbox 1271 2422 1443 2484; x_wconf 84' lang='lat' dir='ltr'><strong>fugae,</strong></span> 
     </span>
     <span class='ocr_line' id='line_1_27' title="bbox 259 2508 1440 2574; baseline 0.006 -19"><span class='ocrx_word' id='word_1_163' title='bbox 259 2515 315 2555; x_wconf 90' lang='lat' dir='ltr'><strong>ut</strong></span> <span class='ocrx_word' id='word_1_164' title='bbox 341 2523 432 2570; x_wconf 85' lang='lat' dir='ltr'><strong>per</strong></span> <span class='ocrx_word' id='word_1_165' title='bbox 456 2516 505 2556; x_wconf 86' lang='lat' dir='ltr'><strong>te</strong></span> <span class='ocrx_word' id='word_1_166' title='bbox 531 2508 732 2556; x_wconf 82' lang='lat' dir='ltr'><strong>clausas</strong></span> <span class='ocrx_word' id='word_1_167' title='bbox 761 2508 890 2556; x_wconf 86' lang='lat' dir='ltr'><strong>sciat</strong></span> <span class='ocrx_word' id='word_1_168' title='bbox 919 2517 1195 2558; x_wconf 84' lang='lat' dir='ltr'><strong>excantare</strong></span> <span class='ocrx_word' id='word_1_169' title='bbox 1220 2513 1440 2574; x_wconf 77' lang='lat' dir='ltr'><strong>puellae,</strong></span> 
     </span>
     <span class='ocr_line' id='line_1_28' title="bbox 155 2584 1353 2658; baseline 0.006 -15"><span class='ocrx_word' id='word_1_170' title='bbox 155 2601 217 2643; x_wconf 81' lang='lat'><strong>50</strong></span> <span class='ocrx_word' id='word_1_171' title='bbox 321 2584 420 2658; x_wconf 49' lang='lat' dir='ltr'><strong>&#39;qui</strong></span> <span class='ocrx_word' id='word_1_172' title='bbox 447 2597 584 2645; x_wconf 87' lang='lat' dir='ltr'><strong>volet</strong></span> <span class='ocrx_word' id='word_1_173' title='bbox 609 2604 840 2645; x_wconf 84' lang='lat' dir='ltr'><strong>austeros</strong></span> <span class='ocrx_word' id='word_1_174' title='bbox 867 2605 976 2646; x_wconf 83' lang='lat' dir='ltr'><strong>arte</strong></span> <span class='ocrx_word' id='word_1_175' title='bbox 1003 2597 1154 2648; x_wconf 81' lang='lat' dir='ltr'><strong>ferire</strong></span> <span class='ocrx_word' id='word_1_176' title='bbox 1178 2599 1353 2650; x_wconf 53' lang='lat' dir='ltr'><strong>viros?</strong></span> 
     </span>
    </p>
   </div>
   <div class='ocr_carea' id='block_1_3' title="bbox 39 2804 42 2817">
    <p class='ocr_par' dir='ltr' id='par_1_3' title="bbox 39 2804 42 2817">
     <span class='ocr_line' id='line_1_29' title="bbox 39 2804 42 2817; baseline 0 0"><span class='ocrx_word' id='word_1_177' title='bbox 39 2804 42 2817; x_wconf 44' lang='grc' dir='ltr'>ἱ</span> 
     </span>
    </p>
   </div>
  </div>
 </body>
</html>
