1942 3000
277 111 347 160 66
870 113 1126 152 CATULLI

280 269 468 316 electos
495 269 701 317 iuvenes
731 269 880 316 simul
909 278 957 316 et
983 270 1137 316 decus
1161 268 1497 329 innuptarum

280 357 582 418 Cecropiam
612 357 818 405 solitam
844 371 955 409 esse
982 357 1163 419 dapem
1200 357 1320 403 dare
1345 356 1660 404 Minotauro.

187 453 248 494 80
280 446 393 508 quis
421 452 640 507 angusta
665 445 811 493 malis
839 460 954 492 cum
979 445 1185 493 moenia
1209 452 1532 501 vexarentur,

278 534 390 597 ipse
416 549 566 581 suum
589 534 819 582 Theseus
847 547 940 596 pro
969 533 1100 581 caris
1129 547 1314 595 corpus
1340 532 1559 579 Athenis

279 622 510 686 proicere
536 622 730 685 optavit
753 622 923 685 potius
951 636 1108 684 quam
1133 620 1257 670 talia
1285 620 1490 669 Cretam

278 711 462 758 funera
488 710 769 774 Cecropiae
794 726 890 759 nec
914 710 1099 758 funera
1126 717 1471 773 portarentur.

279 807 433 860 atque
458 798 531 846 ita
556 814 684 847 nave
708 800 807 847 levi
834 800 1001 847 nitens
1028 814 1094 847 ae
1114 799 1316 847 lenibus
1351 798 1489 845 auris

187 894 248 934 85
277 886 662 948 magnanimum
688 888 751 934 ad
776 888 958 935 Minoa
984 887 1122 937 venit
1147 887 1397 948 sedesque
1422 887 1685 947 superbas.

281 975 416 1023 hunc
444 975 594 1023 simul
622 990 683 1022 ac
709 976 894 1038 cupido
923 975 1198 1037 conspexit
1221 974 1414 1023 lumine
1439 973 1584 1036 virgo

278 1063 435 1125 regia,
469 1078 623 1125 quam
648 1063 814 1110 suavis
842 1064 1082 1126 expirans
1111 1071 1280 1112 castus
1308 1062 1493 1110 odores

280 1151 498 1200 lectulus
522 1151 576 1198 in
601 1151 746 1200 molli
773 1152 1031 1214 conplexu
1056 1151 1231 1199 matris
1260 1151 1447 1209 alebat,

281 1240 457 1302 quales
483 1238 706 1293 Eurotae
731 1240 1051 1302 progignunt
1075 1240 1289 1288 flumina
1314 1248 1505 1302 myrtus

188 1336 250 1376 90
280 1342 466 1375 aurave
493 1328 761 1376 distinctos
791 1328 960 1377 educit
986 1343 1144 1377 verna
1170 1330 1389 1387 coloreS,

278 1430 387 1463 non
412 1416 551 1479 prius
581 1431 644 1465 ex
669 1416 759 1464 illo
786 1417 1056 1479 flagrantia
1082 1417 1355 1466 declinavit

280 1505 495 1564 lumina,
528 1521 685 1568 quam
711 1515 897 1554 cuncto
924 1507 1163 1570 concepit
1187 1519 1405 1570 corpore
1430 1506 1684 1553 flammam

280 1593 512 1642 funditus
539 1602 696 1657 atque
721 1596 836 1643 imis
864 1596 1060 1643 exarsit
1079 1603 1190 1644 tota
1212 1594 1467 1642 medullis.

282 1683 382 1731 heu
408 1682 591 1731 misere
617 1684 884 1746 exagitans
908 1684 1075 1732 inmiti
1099 1683 1251 1731 corde
1278 1683 1478 1730 furores

192 1779 253 1820 95
282 1778 461 1819 sancte
486 1785 630 1834 puer,
663 1773 798 1820 curis
824 1773 1090 1820 hominum
1117 1771 1204 1833 qui
1231 1771 1417 1832 gaudia
1443 1771 1641 1819 misces,

287 1873 523 1922 quaeque
544 1861 677 1923 regis
696 1860 893 1922 Golgos
922 1873 1159 1923 quaeque
1174 1858 1393 1906 Idalium
1406 1859 1725 1917 frondosum,

285 1947 522 2010 qualibus
549 1948 813 1997 incensam
839 1948 1067 1997 iactastis
1094 1955 1264 1995 mente
1290 1947 1517 2010 puellam

284 2036 520 2084 fluctibus
545 2037 600 2084 in
627 2036 759 2084 flavo
780 2050 939 2098 saepe
960 2036 1166 2098 hospite
1177 2036 1532 2099 suspirantem
1551 2036 1562 2083 Σ

287 2132 506 2186 quantos
535 2124 625 2172 illa
649 2125 769 2172 tulit
790 2125 1060 2186 languenti
1087 2124 1239 2172 corde
1266 2124 1505 2173 timores!

160 2220 253 2258 100
285 2220 482 2273 quanto
509 2225 662 2275 saepe
688 2213 851 2275 magis
878 2213 1083 2274 fulgore
1110 2214 1360 2276 expalluit
1383 2214 1523 2262 auri!

288 2314 403 2347 cum
430 2314 635 2347 saevum
662 2302 876 2364 cupiens⁴
897 2309 1078 2349 contra
1104 2302 1413 2350 contendere
1439 2310 1722 2351 monstrum

286 2398 375 2434 aut
399 2394 613 2435 mortem
639 2397 903 2451 oppeteret
914 2390 1143 2438 Theseus
1172 2398 1260 2437 aut
1284 2390 1511 2452 praemia
1537 2392 1719 2440 laudis.
1801 2403 1806 2410 “

286 2490 392 2521 non
418 2474 625 2536 ingrata
646 2485 816 2527 tamen
843 2478 1034 2527 frustra
1058 2479 1365 2527 munuscula
1388 2478 1526 2526 divis

284 2563 580 2625 promittens
608 2566 763 2614 tacito
790 2567 1021 2630 succepit
1044 2576 1162 2615 vota
1185 2567 1393 2631 labello.
