1942 3000
814 138 986 175 mmm
1020 138 1083 176 11.
1593 136 1693 185 1351

101 303 161 342 '10
274 294 356 342 hei
380 293 523 353 mihi,
556 309 712 356 quam
739 294 915 344 doctas
943 310 1080 343 nunc
1106 296 1258 343 habet
1283 295 1373 343 ille
1400 297 1610 343 manus!

203 397 298 431 nec
323 382 563 446 pecudeS‚
595 383 733 431 velut
759 391 895 442 ante,
928 384 1083 447 petit:
1130 384 1302 432 fixisse
1326 384 1525 446 puellas

274 472 428 532 gestit
452 478 503 519 et
526 470 747 520 audaces
774 472 1123 534 perdomuisse
1149 473 1302 520 viros.

203 560 286 608 hic
312 560 481 608 iuveni
507 559 727 607 detraxit
752 574 896 622 opes,
927 560 1013 608 hic
1042 561 1209 609 dicere
1233 560 1380 608 iussit

274 649 433 697 limen
458 648 522 695 ad
547 649 707 696 iratae
732 649 884 696 verba
908 648 1148 710 pudenda
1173 662 1374 698 senem:

94 747 120 787 7
134 746 163 785 5
203 738 303 786 hoc
331 738 460 785 duce
485 737 723 785 custodes
749 736 923 785 furtim
949 745 1273 812 transgressa
1296 737 1521 786 iacentes

277 826 341 873 ad
368 826 602 874 iuvenem
627 825 848 873 tenebris
876 826 989 874 sola
1014 825 1188 888 puella
1215 826 1352 873 venit

205 922 254 963 et
280 914 494 977 pedibus
521 921 859 976 praetemptat
884 913 981 961 iter
1006 927 1256 976 suspensa
1281 913 1481 973 timore,

277 1002 513 1065 explorat
537 1016 714 1049 caecas
743 1002 825 1049 cui
853 1016 1035 1050 manus
1062 1011 1183 1050 ante
1207 1002 1331 1050 vias.

204 1091 270 1138 ah
296 1089 484 1149 miseri,
515 1105 646 1152 quos
674 1089 757 1138 hic
783 1090 1005 1153 graviter
1028 1090 1152 1139 deus
1179 1093 1355 1152 urget!
1398 1099 1451 1139 at
1474 1091 1562 1139 ille

97 1188 162 1230 80
277 1179 422 1239 felix,
454 1178 537 1227 cui
563 1178 794 1242 placidus
822 1179 1008 1227 leniter
1030 1178 1188 1226 adflat
1211 1180 1390 1228 Amor.

204 1277 398 1326 sancte,
430 1267 544 1315 veni
569 1268 784 1330 dapibus
808 1267 968 1326 festis,
1003 1267 1091 1316 sed
1117 1282 1253 1330 pone
1279 1267 1492 1330 sagittas

279 1364 328 1404 et
351 1356 532 1418 procul
559 1356 794 1404 ardentes
821 1356 941 1404 hinc
969 1370 1151 1418 precor
1174 1357 1306 1404 abde
1332 1356 1487 1404 faces.

207 1459 299 1493 vos
326 1445 577 1493 celebrem
604 1452 805 1492 cantate
831 1445 981 1492 deum
1007 1445 1286 1508 pecorique
1312 1454 1491 1493 vocate

278 1548 432 1582 voce:
476 1534 647 1597 palam
673 1534 867 1596 pecori,
900 1534 1033 1582 clam
1059 1534 1156 1582 sibi
1184 1534 1403 1596 quisque
1430 1542 1593 1582 vocet.

99 1631 166 1672 85
209 1629 297 1670 aut
323 1622 479 1671 etiam
504 1623 603 1670 sibi
632 1623 856 1685 quisque
883 1623 1084 1685 palam:
1127 1637 1248 1670 nam
1274 1622 1426 1670 turba
1450 1622 1629 1670 iocosa

282 1711 528 1773 obstrepit
552 1719 601 1758 et
627 1710 852 1773 Phrygio
879 1711 1007 1758 tibia
1032 1725 1184 1758 curva
1210 1726 1360 1760 sono.

209 1799 396 1848 ludite:
438 1800 543 1847 iam
566 1798 682 1847 Nox
722 1798 890 1861 iungit
915 1813 1077 1861 equos
1095 1835 1108 1858 ‚
1154 1813 1459 1861 currumque
1486 1814 1710 1862 sequun-

423 1896 506 1936 tur

284 1977 461 2025 matris
487 1977 679 2025 lascivo
706 1976 872 2024 sidera
897 1976 1039 2023 fulva
1064 1976 1241 2035 choro,

212 2075 436 2129 postque
460 2065 598 2113 venit
623 2064 808 2112 tacitus
836 2063 993 2112 furvis
1020 2064 1361 2113 circumdatus
1389 2065 1485 2112 alis

101 2158 170 2202 90
285 2153 511 2202 Somnus
537 2162 586 2200 et
613 2154 810 2201 incerto
838 2150 1055 2200 Somnia
1080 2152 1228 2213 nigra
1256 2152 1401 2214 pede.
