1942 3000
802 165 979 202 mmm
1010 165 1070 202 v.
1581 160 1687 210 349

93 332 150 372 60
257 337 346 371 vos
372 321 598 369 medium
623 321 763 383 palla
788 320 969 368 foedus
997 320 1123 367 inite
1147 334 1280 367 mea.

190 411 317 459 adde
330 412 624 473 Hymenaee
637 410 836 467 mod08‚
867 408 1074 456 tubicen
1090 407 1199 455 fera
1210 423 1473 455 murmura
1489 408 1652 456 conde
1669 425 1680 456 ι

260 500 465 559 credite,
497 506 663 546 vestra
689 511 831 545 meus
857 497 1059 545 molliet
1084 512 1226 544 arma
1253 504 1413 546 torus.

10 576 11 637 i
192 595 240 636 et
261 588 364 636 iam
391 594 574 649 quarta
601 586 741 634 canit
765 593 1033 633 venturam
1061 585 1249 633 bucina
1281 586 1449 632 lucem

10 714 13 733 Ἠ
259 675 474 738 ipsaque
498 675 552 721 in
580 673 845 722 Oceanum
873 673 1040 720 sidera
1065 674 1212 735 lapsa
1239 673 1444 721 cadunt.

8 739 29 768 ’
90 774 150 813 65
191 764 423 826 experiar
449 778 703 820 somnum,
736 762 798 809 de
824 768 874 809 te
901 761 1026 808 mihi
1055 760 1255 808 somnia
1281 773 1550 822 quaeram:

260 851 343 899 fac
367 851 543 898 venias
571 849 733 897 oculis
762 852 941 897 umbra
968 849 1194 911 benigna
1218 850 1385 898 meis.’

190 941 334 998 dixit,
368 947 417 987 et
440 939 638 987 incerto
665 918 897 1001 pennisit
925 938 1168 986 bracchia
1194 951 1396 997 semim,

262 1028 437 1077 nescia
461 1042 553 1075 vae
578 1027 724 1075 furiis
752 1026 1054 1074 accubuisse
1079 1026 1242 1074 novis.

191 1132 310 1165 nam
334 1116 510 1175 Vesta,
541 1116 731 1163 Iliacae
756 1115 882 1162 felix
908 1116 1068 1162 tutela
1094 1114 1317 1174 favillae,

84 1216 107 1255 7
123 1216 149 1255 0
265 1206 469 1267 culpam
494 1205 585 1251 alit
611 1211 661 1251 et
686 1199 857 1265 plures
887 1204 1063 1251 condit
1085 1203 1142 1250 in
1170 1217 1288 1251 ossa
1315 1204 1471 1252 faces,

189 1294 281 1341 illa
307 1294 424 1352 ruit,
457 1292 623 1354 qualis
653 1293 868 1339 celerem
894 1306 1057 1354 prope
1081 1292 1464 1339 Thermodonta

266 1381 552 1444 Strymonis
582 1381 811 1428 abscisso
838 1380 998 1428 fertur
1025 1388 1203 1441 aperta
1228 1380 1363 1427 sinu.

193 1471 307 1519 urbi
333 1470 493 1519 festus
520 1477 629 1518 erat
657 1469 853 1534 (dixere
879 1468 1069 1518 Parilia
1095 1476 1292 1531 patres:

263 1559 347 1608 hic
373 1559 567 1622 primus
596 1558 767 1622 coepit
790 1558 1061 1606 moenibus
1090 1555 1226 1619 esse)
1257 1557 1381 1616 dics,

81 1661 106 1700 ’1
122 1661 148 1699 5
192 1665 368 1697 annua
394 1655 659 1711 pastorum
686 1647 937 1705 convivia,
971 1647 1115 1694 lusus
1141 1646 1195 1693 in
1223 1646 1365 1703 urbe,

266 1754 383 1786 cum
408 1753 611 1801 pagana
637 1736 844 1784 madent
870 1736 1066 1783 fercula
1093 1733 1285 1782 deliciis

194 1841 415 1890 eumque
442 1841 594 1889 super
618 1839 761 1873 raros
788 1824 926 1872 faeni
952 1822 1257 1871 flammantis
1289 1835 1495 1869 acervos

265 1914 435 1963 traicit
459 1914 735 1962 inmundos
764 1913 905 1961 ebria
931 1911 1082 1960 turba
1108 1911 1281 1973 pedes,

191 2003 445 2052 Romulus
473 2002 714 2050 excubias
744 2002 964 2049 decrevit
988 2000 1042 2047 in
1070 2000 1175 2047 otia
1201 1998 1330 2047 solvi

72 2102 147 2143 80
267 2099 421 2154 atque
447 2091 737 2138 intermissa
764 2097 930 2137 castra
955 2089 1106 2136 silere
1132 2089 1272 2135 tuba.
1412 2104 1466 2131 ν·
1488 2092 1516 2114 ””
1539 2074 1565 2101 ⁸

191 2182 293 2228 hoe
317 2179 541 2242 Tarpeia
565 2194 715 2227 suum
740 2185 938 2239 tempus
967 2184 1078 2223 rata
1105 2175 1344 2223 convenit
1367 2174 1594 2222 hostem:

265 2276 419 2332 pacta
443 2269 585 2330 ligat,
618 2267 779 2329 pactis
805 2266 918 2328 ipsa
943 2264 1116 2312 futura
1143 2278 1331 2312 comes,

188 2372 345 2406 mons
375 2363 483 2404 erat
508 2356 761 2404 adscensu
786 2355 989 2413 dubius,
1022 2354 1258 2415 festoque
1285 2353 1552 2400 remissus:

265 2459 363 2493 nec
388 2459 548 2503 mora,
581 2443 784 2491 vocales
812 2449 1032 2504 occupat
1057 2455 1179 2489 ense
1206 2455 1377 2487 canes.

57 2544 143 2588 85
190 2532 372 2581 omnia
398 2532 716 2593 praebebant
740 2543 978 2578 somnos:
1024 2529 1112 2597 §ed
1137 2528 1368 2590 Iuppiter
1394 2541 1525 2574 unus

266 2620 492 2667 decrevit
519 2619 701 2681 poenis
727 2618 997 2680 invigilare
1023 2616 1140 2664 tuis,
