1942 3000
238 170 345 220 354
821 172 1137 211 pnomznm

895 433 1064 482 VIIII.

235 592 723 653 Amphitryoniades
751 606 857 653 qua
881 599 1181 654 tempestate
1204 592 1446 642 iuvencos

307 689 480 742 egerat
503 695 536 728 a
560 680 792 738 stabuliS‚
825 695 856 727 o
882 679 1124 741 Erythea,
1157 675 1278 739 mie,

233 768 371 816 venit
395 768 460 816 ad
486 768 697 818 eductos
723 781 976 830 pecorosa
999 768 1198 816 Palatia
1221 775 1423 816 montes

306 863 356 904 et
381 856 561 904 statuit
583 856 765 914 fessos,
797 855 962 904 fessus
991 864 1042 904 et
1072 856 1200 918 ipse,
1233 857 1405 916 boves,

170 952 194 992 5
237 958 339 1006 qua
364 943 590 991 Velabra
616 957 712 991 suo
738 944 1053 1005 stagnabant
1077 944 1285 991 flumine
1309 958 1517 1006 quaque

305 1040 464 1080 nauta
489 1046 581 1094 per
605 1032 829 1080 urbanas
856 1033 1144 1080 velificabat
1169 1047 1348 1093 aquas·

235 1121 324 1169 sed
349 1135 456 1168 non
481 1119 641 1167 infido
666 1128 970 1168 manserunt
995 1119 1198 1183 hospite
1225 1119 1363 1168 Caco

304 1209 618 1257 incolumes:
661 1208 798 1256 furto
824 1209 1011 1270 polluit
1034 1209 1124 1256 ille
1147 1209 1337 1256 Iovem.

234 1296 406 1345 incola
433 1295 599 1345 Cacus
626 1304 752 1354 erat,
781 1296 1057 1344 metuendo
1084 1303 1260 1358 raptor
1282 1296 1348 1343 ab
1379 1303 1548 1354 antro,

135 1393 194 1434 10
305 1400 398 1448 per
423 1385 521 1432 tria
545 1386 757 1447 partitos
782 1385 870 1447 qui
897 1384 1056 1433 dabat
1080 1399 1171 1432 ora
1196 1384 1360 1432 focos.

235 1472 335 1533 hic,
369 1488 433 1522 ne
460 1480 597 1522 certa
621 1473 794 1522 forent
818 1473 1122 1522 manifestae
1146 1473 1296 1536 signa
1321 1473 1546 1536 rapinae,

307 1576 513 1610 aversos
542 1562 705 1610 cauda
729 1562 883 1609 traxit
904 1562 958 1609 in
986 1570 1135 1611 antra
1162 1563 1333 1621 boves,

238 1664 335 1697 nec
360 1649 473 1697 sine
500 1656 628 1698 teste
654 1649 778 1698 deo:
819 1649 986 1697 furem
1011 1663 1230 1698 sonuere
1253 1649 1473 1708 iuvenci,

306 1737 434 1785 furis
461 1745 511 1785 et
534 1738 820 1799 inplacidas
848 1738 1008 1786 diruit
1029 1739 1107 1787 ira
1130 1738 1286 1786 fores,

137 1834 151 1873 1
172 1833 196 1873 5
234 1826 495 1873 Maenalio
522 1826 681 1874 iacuit
704 1827 883 1888 pulsus
910 1827 1009 1874 tria
1033 1820 1265 1889 tempora
1290 1840 1432 1874 ramo

308 1912 503 1961 Cacus:
548 1921 598 1961 et
622 1898 830 1961 Alcides
858 1913 931 1961 sic
957 1914 1048 1973 ait,
1078 1915 1173 1962 ‘ite
1198 1915 1372 1973 boves,

239 2000 475 2048 Herculis
501 1999 569 2047 ite
595 2001 767 2059 boves,
802 2008 1011 2050 nostrae
1037 2002 1185 2050 labor
1209 2003 1388 2050 ultime
1414 2003 1607 2061 clavae,

309 2088 387 2135 bis
414 2087 537 2134 mihi
565 2088 842 2149 quaesitae,
876 2087 951 2136 bis
980 2103 1095 2137 mea
1120 2090 1327 2152 praeda,
1360 2090 1533 2148 boves,

236 2189 458 2236 arvaque
483 2176 678 2239 mugitu
705 2177 900 2225 sancite
925 2177 1106 2225 boaria
1130 2179 1322 2240 longo:

134 2270 194 2310 20
307 2264 482 2311 nobile
507 2266 604 2312 erit
625 2264 821 2313 Romae
846 2280 1040 2327 pascua
1064 2273 1228 2314 vestra
1252 2266 1462 2313 forum.'

236 2349 451 2408 dixerat,
486 2358 535 2398 et
560 2352 698 2400 sicco
725 2359 887 2400 torret
913 2353 1021 2400 sitis
1049 2367 1140 2400 ora
1165 2354 1360 2415 palato,

307 2445 544 2499 terraque
570 2453 675 2487 non
702 2440 834 2486 ullas
861 2439 966 2487 feta
991 2440 1246 2489 ministrat
1270 2455 1450 2502 aquas.

232 2525 320 2570 sed
346 2525 528 2584 procul
554 2526 779 2573 inclusas
805 2526 950 2573 audit
973 2527 1136 2574 ridere
1163 2529 1379 2588 puellas,

304 2610 449 2656 lucus
476 2613 541 2658 ab
568 2613 809 2660 umbroso
837 2612 1030 2661 fecerat
1055 2615 1178 2662 orbe
1204 2628 1403 2673 nemus,
