1942 3000
271 159 377 209 342
840 159 1158 198 PROPERTII

271 317 494 368 mendax
517 315 654 364 fama
679 329 863 364 noces:
908 315 1041 363 alius
1068 315 1193 362 mihi
1220 314 1441 363 nominis
1468 314 1653 364 index:

181 414 241 454 20
344 405 407 453 de
432 418 486 454 se
510 404 739 452 narranti
764 411 821 451 tu
844 404 1000 452 modo
1028 404 1178 452 crede
1207 403 1323 452 deo,

273 500 567 557 opportuna
591 505 705 539 mea
731 499 806 540 est
832 492 1032 540 cunctis
1060 498 1245 539 natura
1272 491 1480 552 figuris:

344 582 398 629 in
427 594 801 643 quamcumque
826 581 967 628 voles
994 588 1149 639 verte,
1181 581 1398 627 decorus
1427 593 1533 627 ero.

273 669 429 717 indue
454 683 535 716 me
562 667 702 727 Coie,
734 669 852 716 fiam
878 683 985 716 non
1011 668 1137 716 dura
1163 669 1369 730 puella:

342 770 528 819 meque
553 756 715 803 virum
742 764 946 819 sumpta
972 757 1089 819 quis
1117 763 1270 817 neget
1297 770 1408 804 esse
1434 755 1595 818 toga?

183 852 242 891 25
274 844 339 891 da
365 842 550 891 falcem
576 851 626 891 et
651 851 786 891 torto
812 844 1036 891 frontem
1060 843 1186 890 mihi
1213 843 1480 906 conprime
1505 843 1692 892 faeno:

344 931 534 979 iurabis
560 938 737 978 nostra
763 930 997 991 gramina
1021 935 1160 978 secta
1186 945 1360 978 manu.

272 1033 414 1066 arma
440 1019 534 1066 tuli
561 1017 822 1080 quondam
848 1024 915 1076 et,
946 1018 1174 1077 memini,
1206 1017 1457 1065 laudabar
1481 1018 1535 1065 in
1561 1018 1698 1067 illis:

344 1106 513 1155 corbis
539 1106 593 1154 in
619 1106 845 1168 inposito
871 1107 1103 1169 pondere
1126 1121 1324 1155 messor
1347 1119 1505 1155 eram.

273 1195 476 1245 sobrius
502 1195 565 1241 ad
592 1194 734 1243 lites:
775 1202 829 1243 at
854 1209 971 1243 cum
996 1203 1073 1243 est
1096 1196 1305 1256 inposta
1332 1208 1544 1254 corona,

182 1292 244 1333 30
346 1286 590 1334 clamabis
618 1286 770 1349 capiti
796 1286 914 1333 vina
939 1285 1140 1334 subisse
1165 1298 1297 1332 mec.

276 1375 424 1437 cinge
452 1380 606 1438 caput
630 1375 796 1434 mitra,
829 1374 1055 1436 speciem
1078 1372 1290 1420 furabor
1313 1371 1517 1419 Iacchi:

345 1462 557 1512 furabor
580 1463 794 1523 Phoebi,
826 1463 869 1511 si
894 1462 1048 1511 modo
1075 1462 1272 1525 plectra
1297 1460 1458 1509 dabis.

275 1553 502 1602 cassibus
528 1553 765 1615 inpositis
792 1567 976 1601 venor:
1021 1552 1109 1599 sed
1137 1550 1388 1598 arundine
1413 1556 1622 1612 sumpta

344 1643 550 1691 Faunus
577 1643 812 1704 plumoso
843 1656 957 1690 sum
983 1641 1107 1688 deus
1130 1639 1374 1701 aucupiO.

182 1736 244 1776 35
275 1737 351 1778 est
376 1730 530 1778 etiam
555 1730 765 1792 aurigae
789 1730 987 1792 species
1013 1729 1348 1786 Vertumnus,
1382 1733 1432 1774 et
1456 1726 1584 1781 eius,

346 1817 516 1866 traicit
540 1818 738 1865 alterno
765 1818 852 1879 qui
879 1817 989 1864 leve
1014 1816 1218 1879 pondus
1245 1828 1398 1877 equo,

273 1911 512 1968 suppetat
535 1905 652 1965 hoc,
686 1905 850 1967 pisces
878 1904 1077 1952 calamo
1104 1904 1411 1966 praedabor‚
1447 1911 1497 1951 et
1521 1902 1609 1950 ibo

344 1994 563 2041 mundus
592 1993 824 2042 demissis
849 1993 1057 2040 institor
1081 1993 1134 2040 in
1161 1992 1367 2041 tunicis.

274 2089 531 2144 pastorem
556 2082 619 2128 ad
645 2082 886 2130 baculum
911 2096 1122 2144 possum
1149 2094 1345 2140 curare,
1378 2081 1460 2128 vel
1484 2080 1623 2129 idem

181 2179 245 2218 40
346 2169 602 2233 sirpiculis
628 2170 796 2218 medio
824 2170 1034 2232 pulvere
1057 2169 1191 2217 ferre
1216 2183 1405 2217 rosam.

276 2272 395 2305 nam
409 2259 530 2319 quid
548 2272 643 2320 ogo
659 2257 895 2317 adiciam,
926 2257 989 2306 de
1012 2271 1115 2318 quo
1132 2256 1255 2304 mihi
1269 2254 1496 2303 maxima
1519 2257 1740 2317 famast‚

336 2346 611 2415 ⁸hortorum
635 2346 688 2393 in
714 2346 952 2393 manibus
979 2345 1117 2392 dona
1144 2345 1363 2407 probata
1388 2344 1550 2392 meis?

275 2433 539 2482 caeruleus
568 2433 794 2481 cucumis
822 2433 1124 2494 tumidoque
1151 2433 1419 2481 cucurbita
1444 2441 1622 2482 ventre

345 2532 425 2566 me
453 2526 601 2567 notat
626 2526 677 2567 et
700 2519 855 2567 iunco
884 2519 1110 2567 brassica
1132 2519 1303 2568 vincta
1329 2521 1460 2568 levi:

143 2611 208 2652 45
275 2621 369 2653 nec
395 2605 490 2655 flos
517 2607 652 2656 ullus
680 2607 787 2655 hiat
813 2609 989 2669 pratis,
1021 2607 1147 2668 quin
1170 2609 1261 2657 ille
1288 2611 1528 2659 decenter
