1942 3000
293 173 364 224 84
909 176 1166 216 cxrtnzm

364 349 536 383 verum
562 332 697 381 istud
724 332 903 395 populi
929 332 1124 392 fabula,
1159 330 1365 392 Quinte,
1395 332 1536 394 facit,

294 423 402 485 qui,
433 435 756 485 quacumque
779 421 973 483 aliquid
1004 422 1253 484 reperitur
1278 436 1384 470 non
1414 422 1544 469 bene
1569 422 1781 480 factum,

364 512 427 559 ad
453 525 534 559 me
561 523 737 557 omnes
767 510 992 558 clamant
1016 510 1209 569 ‘ianua,
1243 509 1395 571 culpa
1418 511 1610 558 tuast.''

195 608 250 648 15
292 615 397 648 non
426 600 556 647 istuc
580 597 701 646 satis
729 604 804 646 est
828 613 934 646 uno
959 606 1010 645 te
1037 598 1205 646 dicere
1231 599 1404 657 verb0,

364 687 452 734 sed
477 687 646 735 facere
673 694 729 733 ut
753 686 916 748 quivis
944 687 1132 735 sentiat
1159 694 1209 734 et
1233 688 1416 735 videat.

289 776 395 838 ‘qui
423 775 668 838 possum?
705 789 856 823 nemo
882 775 1082 838 quaerit
1107 790 1203 824 nec
1229 776 1360 824 scire
1384 776 1626 824 laborat.'

364 879 455 911 nos
483 864 746 912 volumus:
792 864 940 912 nobis
966 864 1136 913 dicere
1162 878 1228 912 ne
1254 864 1447 914 dubita.

289 953 528 1016 ‘primum
551 952 724 1014 igitur,
756 954 898 1015 virgo
926 953 1064 1015 quod
1090 953 1249 1001 fertur
1276 954 1462 1001 tradita
1487 954 1656 1010 nobis,

186 1048 249 1089 20
361 1041 549 1089 falsum
575 1049 667 1089 est.
746 1056 852 1089 non
881 1042 969 1104 qui
995 1041 1142 1089 illam
1166 1041 1244 1088 vir
1269 1041 1407 1103 prior
1431 1042 1671 1104 attigerit,

290 1129 585 1193 languidior
609 1138 785 1178 tenera
813 1129 894 1178 cui
920 1130 1149 1192 pendens
1177 1129 1341 1177 sicula
1368 1129 1481 1177 beta

361 1233 643 1280 numquam
668 1232 723 1266 se
748 1218 968 1266 mediam
994 1217 1200 1265 sustulit
1223 1216 1287 1264 ad
1314 1218 1566 1267 tunicam:

291 1306 379 1354 sed
406 1315 551 1371 pater
574 1306 716 1354 illius
744 1306 885 1368 gnati
911 1306 1132 1355 violasse
1158 1306 1327 1354 cubile
1378 1315 1386 1324 ’

361 1395 546 1443 dicitur
571 1404 622 1443 et
645 1395 884 1443 miseram
911 1396 1293 1443 conscelerasse
1320 1395 1544 1454 domum,

185 1490 247 1532 25
288 1484 392 1533 sive
418 1484 555 1547 quod
581 1483 724 1547 inpia
749 1497 892 1532 mens
922 1498 1076 1533 caeco
1106 1482 1357 1546 flagrabat
1380 1497 1572 1539 amore,

360 1589 451 1621 seu
478 1573 616 1636 quod
642 1573 779 1621 iners
807 1573 966 1621 sterili
995 1573 1189 1621 semine
1214 1580 1362 1621 natus
1390 1581 1499 1620 erat

288 1671 338 1710 et
363 1662 685 1725 quaerendus
712 1661 755 1709 is
784 1662 917 1709 unde
942 1662 1075 1709 foret
1099 1662 1362 1710 nervosius
1389 1660 1516 1708 illud

359 1749 496 1813 quod
522 1756 695 1813 posset
718 1764 899 1797 zonam
923 1750 1121 1798 solvere
1146 1750 1465 1812 virgineam?

287 1839 550 1902 egregium
576 1852 754 1887 narras
779 1838 909 1886 mira
935 1838 1125 1900 pietate
1151 1845 1431 1899 parentem,

185 1935 245 1976 30
359 1928 446 1990 qui
474 1927 584 1990 ipse
611 1926 690 1974 sui
718 1926 860 1989 gnati
886 1926 1127 1973 minxerit
1153 1925 1206 1973 in
1233 1926 1499 1988 gremium.

285 2015 446 2077 ‘atqui
475 2030 580 2062 non
607 2016 776 2064 solum
801 2015 900 2062 hoc
925 2029 981 2062 sc
1006 2014 1128 2062 dicit
1153 2015 1416 2077 cognitum
1441 2015 1630 2064 habere

355 2103 531 2151 Brixia
555 2107 581 2161 †
607 2101 831 2152 Chineae
856 2103 1122 2166 supposita
1148 2103 1406 2165 speculae,

285 2191 443 2239 flavus
472 2207 628 2254 quam
653 2192 795 2240 molli
823 2191 1104 2254 praecurrit
1130 2191 1338 2240 flumine
1363 2192 1539 2250 Mella,

354 2279 529 2328 Brixia
555 2281 793 2329 Veronae
818 2289 979 2328 mater
1004 2288 1170 2328 amata
1197 2295 1357 2340 meae,

181 2374 242 2415 35
284 2369 373 2417 sed
399 2369 461 2416 de
487 2369 750 2417 Postumio
778 2376 827 2417 et
854 2369 1062 2417 Corneli
1090 2378 1261 2417 narrat
1295 2384 1485 2428 amore,

356 2472 472 2506 cum
498 2458 684 2521 quibus
709 2458 801 2507 illa
824 2458 1018 2506 malum
1044 2458 1166 2507 fecit
1190 2458 1509 2507 adulterium.

284 2545 469 2595 dixerit
496 2546 575 2596 hic
601 2547 788 2610 aliquis
813 2547 919 2610 ‘qui
946 2556 1001 2595 tu
1027 2547 1238 2607 isthaec,
1269 2547 1441 2607 ianua,
1473 2546 1629 2607 nosti,

355 2636 436 2684 cui
463 2651 744 2700 numquam
769 2636 959 2684 domini
988 2636 1163 2684 limine
1187 2638 1368 2685 abesse
1394 2636 1529 2692 lieet,
