1942 3000
191 312 216 351 5

152 756 213 796 10

153 1196 210 1238 15

146 1637 207 1678 20

141 2079 203 2120 25

137 2609 197 2650 30

259 138 361 192 168
885 144 1127 183 ‘rmULLr

255 318 362 351 non
390 318 486 365 ego
513 304 685 351 firmus
710 302 765 349 in
792 302 908 360 hoc,
939 316 1048 349 non
1073 301 1201 348 haec
1228 299 1475 363 patientia
1499 306 1681 347 nostro

323 392 562 454 ingenio:
607 391 801 453 frangit
826 390 983 439 fortia
1008 390 1163 437 corda
1187 389 1364 437 dolor:

257 496 353 530 nec
377 481 501 528 mihi
527 495 645 528 vera
670 480 816 541 loqui
842 480 1009 542 pudor
1034 486 1111 527 est
1135 478 1371 540 vitaeque
1396 477 1545 525 satori

326 578 403 617 tot
428 571 562 617 mala
590 582 861 632 perpessae
886 568 1056 615 taedia
1081 574 1202 614 nata
1228 581 1388 614 meae.

257 673 377 721 ergo
406 674 521 706 cum
547 667 751 706 tenuem
776 658 922 705 fuero
947 664 1173 704 mut-atus
1199 656 1252 703 in
1282 657 1511 704 umbram

326 748 646 809 candidaque
672 760 792 793 ossa
818 759 974 807 super
998 745 1146 807 nigra
1170 744 1349 792 favilla
1381 752 1538 806 teget,

254 843 373 884 ante
397 850 567 884 meum
593 836 762 883 veniat
785 835 973 895 longos
999 834 1263 896 incompta
1291 833 1507 895 capillos

326 932 376 972 et
399 924 522 973 fleat
546 931 665 971 ante
689 937 858 971 meum
883 930 1078 970 maesta
1100 921 1300 971 Neaera
1325 936 1525 984 rogum.

254 1013 343 1062 sed
368 1013 538 1061 veniat
564 1026 713 1059 carae
736 1011 912 1058 matris
941 1010 1183 1058 comitata
1209 1010 1417 1065 dolore:

324 1107 548 1148 maereat
573 1099 699 1146 haec
725 1112 933 1160 genem,
965 1107 1190 1147 maereat
1214 1098 1306 1147 illa
1330 1099 1457 1147 vii-0.

252 1188 513 1251 praefatae
538 1194 658 1235 ante
682 1201 822 1235 meos
849 1200 1027 1235 manes
1053 1187 1380 1250 animamque
1406 1195 1649 1249 precatae

322 1275 663 1339 perfusaeque
689 1275 798 1337 pias
825 1282 944 1323 ante
969 1275 1170 1337 liquore
1196 1290 1397 1334 manus,

251 1379 368 1427 pars
394 1378 527 1427 quae
552 1364 664 1410 sola
689 1363 787 1411 mei
813 1364 1074 1426 superabit
1100 1365 1347 1426 corporiS‚
1381 1379 1499 1413 ossa

319 1453 578 1500 incinctae
603 1452 748 1514 nigra
774 1453 992 1500 candida
1015 1460 1153 1502 veste
1178 1453 1368 1515 legent,

250 1551 301 1590 et
325 1542 544 1604 primum
569 1556 768 1589 annoso
797 1550 1040 1604 spargent
1065 1543 1283 1590 collecta
1308 1543 1501 1604 Lyae0‚

320 1644 442 1676 mox
467 1630 620 1677 etiam
647 1631 794 1678 niveo
822 1631 1037 1678 fundere
1061 1631 1194 1679 lacte
1217 1640 1414 1694 parent,

232 1726 367 1785 ‚post
390 1719 516 1766 haec
543 1718 796 1766 carbaseis
825 1734 1053 1767 umorem
1079 1720 1261 1768 tollere
1285 1721 1409 1769 velis

317 1816 471 1869 atque
495 1807 549 1854 in
578 1821 862 1854 marmorea
886 1821 1080 1869 ponere
1105 1808 1243 1856 sicca
1275 1809 1447 1858 domo.

246 1895 355 1944 illic
381 1910 508 1957 quas
536 1895 689 1942 mittit
714 1895 850 1942 dives
877 1895 1140 1944 Panchaia
1163 1911 1358 1947 merces

319 1985 503 2046 eoique
526 1985 744 2041 Arabe8‚
778 1983 983 2045 pinguis
1010 1991 1060 2033 et
1083 1986 1313 2047 Assyria,

245 2081 295 2120 et
320 2073 481 2120 nostri
507 2086 757 2120 memores
784 2072 1025 2121 lacrimae
1050 2073 1330 2123 fundantur
1355 2077 1564 2125 eodem:

316 2160 389 2209 sic
417 2174 513 2223 ego
541 2160 768 2223 conponi
793 2175 967 2209 versus
994 2162 1048 2209 in
1076 2176 1194 2210 ossa
1218 2164 1387 2225 velim.

245 2249 333 2296 sed
361 2249 556 2296 tristem
581 2249 759 2298 mortis
786 2250 1101 2298 demonstret
1127 2251 1298 2300 littera
1323 2266 1531 2301 causam

314 2344 470 2398 atque
496 2336 622 2386 haec
647 2338 701 2385 in
729 2338 917 2386 celebri
945 2339 1176 2386 carmina
1200 2339 1371 2390 fronte
1398 2350 1560 2390 notet.

239 2423 547 2487 ‘Lygdamus
574 2426 656 2474 hic
683 2426 808 2474 situs
836 2435 939 2476 est:
985 2427 1133 2476 dolor
1165 2428 1286 2477 huic
1310 2437 1362 2478 et
1387 2445 1510 2479 cura
1533 2431 1697 2481 Neae-

453 2527 558 2573 rae,

311 2602 545 2664 coniugis
573 2610 794 2665 ereptae,
830 2618 988 2651 causa
1013 2605 1179 2667 perire
1204 2605 1339 2656 fuit.’
