1942 3000
315 164 384 214 30
930 167 1198 223 CATULLr

313 324 557 385 Dindymi
583 324 858 385 dominam,
892 340 956 373 ex
984 340 1044 373 eo
1074 326 1302 375 misellae

214 422 272 461 15
312 414 458 476 ignes
484 413 779 462 interiorem
805 415 963 462 edunt
988 415 1281 463 medullam.

313 503 528 566 ignosco
555 503 666 562 tibi,
700 503 959 566 Sapphica
985 504 1161 566 puella

315 607 460 640 musa
486 592 714 640 doctior:
760 598 836 640 est
863 591 1000 640 enim
1026 600 1239 641 venuste

315 695 517 751 magna·
530 678 759 729 Caecilio
785 680 1031 728 incohata
1055 688 1233 728 mater.

901 867 1220 874 ———

938 1051 1185 1101 XXXVI.

313 1213 546 1261 Annales
573 1212 773 1271 Volusi,
807 1219 983 1260 cacata
1010 1213 1200 1272 charta,

314 1310 487 1349 votum
513 1302 692 1350 solvite
716 1315 811 1365 pro
837 1316 951 1350 mea
979 1303 1167 1364 puella.

314 1405 435 1438 nam
460 1397 668 1439 sanctae
696 1389 885 1438 Veneri
915 1389 1265 1453 Cupidinique

313 1479 466 1539 vovit,
501 1479 541 1527 si
572 1479 670 1528 sibi
697 1480 955 1529 restitutus
985 1494 1150 1529 essem

247 1580 271 1617 5
314 1568 659 1631 desissemque
684 1576 852 1617 truces
879 1570 1077 1617 vibrare
1104 1570 1320 1628 iambOS‚

314 1658 621 1706 electissima
646 1658 853 1721 pessimi
880 1665 1065 1720 poetae

312 1746 502 1808 scripta
528 1745 777 1808 tardipedi
805 1746 901 1794 deo
928 1746 1160 1794 daturam

311 1834 603 1883 infelicibus
631 1835 905 1883 ustulanda
931 1835 1104 1896 lignis.

313 1930 363 1971 et
388 1924 513 1971 haec
541 1923 764 1986 pessima
788 1937 843 1970 se
870 1924 1044 1985 puella
1068 1924 1193 1972 vidit

210 2020 268 2061 10
309 2012 487 2059 iocose
515 2010 682 2073 lepide
707 2025 888 2059 vovere
914 2011 1061 2059 divis·

312 2114 467 2158 nunc,
501 2113 532 2146 o
560 2099 796 2146 caeruleo
826 2106 997 2147 creata
1023 2108 1204 2161 ponte,

311 2202 442 2250 quae
468 2195 703 2235 sanctum
728 2188 946 2235 Idalium
972 2188 1231 2251 Uriosque
1258 2196 1436 2252 portus

311 2290 545 2338 quaeque
569 2276 790 2324 Ancona
817 2275 1141 2339 Cnidumque
1167 2279 1530 2326 arundinosam

311 2365 438 2412 colis
467 2379 701 2427 quaeque
725 2366 1044 2413 Amathunta
1069 2381 1303 2429 quaeque
1331 2366 1528 2429 Golgos

211 2463 267 2502 15
310 2468 546 2517 quaeque
570 2454 915 2503 Durrachium
940 2454 1132 2503 Adriac
1157 2457 1440 2516 tabernam,

309 2551 575 2606 acceptum
600 2543 713 2592 face
738 2544 1092 2606 redditumque
1117 2553 1306 2605 votum,

309 2631 350 2679 si
379 2647 484 2681 non
509 2632 792 2695 inlepidum
819 2647 989 2696 neque
1013 2634 1405 2683 invenustumst.
