1942 3000
808 130 984 166 LIBER
1016 129 1057 168 1.
1579 126 1684 178 219

77 292 98 331 1
113 292 141 332 0
259 299 351 332 seu
376 284 513 333 facili
540 292 704 333 totum
727 285 868 333 ducit
892 299 1067 333 amore
1094 285 1242 345 diem,

184 379 297 421 tum
322 373 443 421 mihi
469 373 669 421 Pactoli
694 373 906 422 veniunt
930 375 1026 422 sub
1051 381 1186 423 tecta
1217 374 1464 436 liquoreS‚

260 468 311 509 et
335 461 524 524 legitur
547 462 713 509 rubris
740 476 943 523 gemma
968 464 1063 510 sub
1090 463 1398 525 aequoribus
1418 481 1428 510 ε

183 557 295 597 tum
319 550 443 597 mihi
472 564 704 598 cessuros
733 550 993 612 spondent
1015 564 1130 598 mea
1155 551 1344 612 gaudia
1371 565 1547 613 reges3

260 653 392 700 quae
416 646 675 693 maneant,
707 639 828 686 dum
854 653 934 686 me
960 639 1068 686 fata
1094 639 1260 700 perire
1285 640 1475 689 volent.

81 734 102 773 1
118 736 143 775 5
187 742 309 775 nam
335 728 449 789 quis
476 727 663 773 divitiis
691 726 905 774 adverso
932 727 1123 788 gaudet
1145 727 1374 775 Amore?

259 815 406 862 nulla
430 815 554 863 mihi
579 814 710 862 tristi
736 829 769 876 p
798 814 963 862 aemia
989 815 1092 862 sint
1115 814 1348 864 Venere!

186 903 279 951 illa
304 910 475 966 potest
498 917 713 964 magnas
738 903 953 950 heroum
978 902 1257 964 infringere
1282 902 1429 961 vires,

258 992 350 1040 illa
376 992 530 1039 etiam
556 991 695 1038 duris
722 991 977 1040 mentibus
1007 1005 1119 1039 esse
1145 991 1320 1040 dolor:

185 1081 278 1129 illa
303 1094 472 1142 neque
495 1080 744 1127 Arabium
770 1080 947 1127 metuit
971 1080 1334 1128 transcendere
1359 1080 1535 1138 limen,

78 1178 143 1217 20
260 1184 355 1217 nec
380 1170 524 1217 timet
548 1169 761 1228 oswine,
795 1169 965 1227 Tulle,
999 1169 1172 1217 subire
1197 1178 1329 1228 tor0‚

188 1264 240 1306 et
263 1257 504 1305 miserum
530 1263 638 1304 toto
665 1257 903 1304 iuvenem
927 1270 1130 1304 versare
1156 1257 1339 1306 cubili:

260 1345 382 1408 quid
411 1346 637 1393 relevant
661 1345 811 1392 variis
840 1345 1004 1393 serica
1030 1345 1330 1394 textilibus?

190 1449 324 1497 quae
348 1434 474 1484 mihi
501 1434 622 1481 dum
646 1435 853 1496 placata
876 1434 1055 1492 aderit,
1090 1449 1196 1482 non
1221 1434 1329 1481 ulla
1355 1434 1569 1482 verebor

261 1537 419 1585 regna
445 1536 540 1570 nec
564 1522 774 1570 Alcinoi
801 1536 1015 1569 munera
1043 1521 1320 1584 despicere.

775 1726 1095 1735 ᾑ-

798 1982 857 2021 -yx
876 1962 993 2010 XV.

191 2139 354 2201 Saepe
382 2153 478 2201 ego
505 2140 667 2188 multa
693 2148 811 2188 tuae
836 2140 1055 2188 levitatis
1082 2139 1210 2187 dura
1236 2140 1492 2199 timebam,

261 2229 356 2276 hac
383 2236 554 2277 tamen
582 2237 812 2292 excepta,
846 2227 1082 2291 Cynthia,
1118 2229 1347 2291 perfidia.

193 2317 398 2380 adspice
422 2333 504 2366 me
532 2326 722 2380 quanto
750 2318 916 2380 rapiat
940 2317 1150 2366 fortuna
1174 2318 1394 2380 periclo:

260 2415 316 2454 tu
339 2414 511 2455 tamen
535 2407 589 2454 in
615 2414 793 2455 nostro
821 2407 963 2455 lenta
989 2406 1171 2455 timore
1198 2407 1355 2465 venie,

123 2503 148 2542 5
191 2502 240 2542 et
264 2503 409 2556 potes
435 2495 699 2543 hesternos
727 2495 965 2542 manibus
992 2508 1286 2557 conponere
1312 2494 1479 2543 crines

262 2590 312 2631 et
333 2584 493 2647 longa
518 2584 704 2633 faciem
729 2597 974 2647 quaerere
1001 2583 1214 2642 desidia,
