1942 3000
281 152 388 201 286
879 153 1199 192 rnorem-11

281 324 496 359 uxorem
522 310 784 373 quondam
809 310 984 372 magni
1007 309 1218 369 MinoiS,
1255 316 1312 357 ut
1337 309 1498 369 aiunt,

353 398 581 461 corrupit
606 398 735 446 torvi
762 391 980 446 eandida
1005 398 1171 445 forma
1196 397 1358 445 bovis·

278 500 375 534 nec
400 486 569 534 minus
596 495 771 535 aerato
797 488 982 534 Danae
1009 485 1321 535 circumdata
1343 500 1491 534 muro

177 581 238 622 60
350 588 458 621 non
484 576 655 637 potuit
678 589 868 637 magno
896 582 1038 622 easta
1063 587 1254 635 negare
1277 573 1404 622 Iovi„

280 662 419 725 quod
446 663 489 710 si
516 671 572 711 tu
599 662 779 711 Graias
806 677 1060 726 aequesve
1083 661 1284 710 imitata
1306 661 1539 721 Latinas,

349 766 550 815 semper
576 753 686 801 vive
708 767 824 801 meo
851 753 1015 801 libera
1038 751 1246 799 iudicio·

902 1194 1149 1243 XXXIII.

274 1370 467 1418 Tristia
491 1370 593 1418 iam
618 1371 833 1420 redeunt
857 1371 1042 1420 iterum
1065 1370 1336 1419 sollemnia
1361 1370 1539 1419 nobis:

349 1457 571 1522 Cynthia
595 1460 702 1509 iam
726 1468 903 1509 noctes
932 1468 1010 1509 est
1035 1466 1246 1524 operata
1270 1459 1463 1509 decem.

276 1557 431 1613 atque
456 1550 654 1598 utinam
679 1557 854 1613 pereat
877 1549 997 1598 Nilo
1024 1564 1158 1612 quae
1184 1564 1328 1599 sacra
1361 1554 1567 1612 tepente

345 1638 484 1687 misit
506 1638 756 1687 matronis
782 1639 991 1687 Inachis
1015 1637 1296 1686 Ausoniis!

209 1733 234 1773 5
277 1741 410 1788 quae
438 1727 532 1774 dea
557 1734 663 1775 tam
694 1727 911 1789 cupidos
939 1727 1127 1775 totiens
1154 1725 1324 1774 divisit
1347 1723 1613 1772 amantes?

345 1828 703 1877 quaecumque
730 1814 822 1861 illa
847 1814 961 1873 fuit,
996 1825 1199 1874 semper
1222 1825 1397 1859 amara
1421 1810 1536 1859 fuit.

274 1911 331 1951 tu
358 1909 493 1950 certe
517 1901 653 1950 Iovis
682 1900 896 1949 occultis
921 1900 978 1947 in
1006 1898 1285 1959 amoribus,
1317 1899 1395 1959 10,

346 1990 570 2049 sensisti,
603 1990 789 2037 multas
818 1988 941 2051 quid
966 1987 1033 2036 sit
1057 1986 1187 2035 inire
1213 1987 1340 2047 viaS,

273 2094 390 2128 eum
415 2087 464 2127 te
488 2078 639 2127 iussit
664 2079 851 2126 habere
876 2078 1104 2140 puellam
1136 2092 1332 2125 cornua
1354 2077 1488 2125 Iuno

174 2175 230 2216 ¹0
344 2175 395 2215 et
420 2167 621 2230 peeoris
649 2167 775 2215 duro
805 2166 1019 2229 perdere
1045 2167 1200 2215 verba
1225 2180 1376 2215 sone.

272 2256 339 2304 ah
364 2255 604 2318 quotiens
632 2255 840 2318 quernis
867 2254 1061 2303 laesisti
1088 2254 1359 2302 frondibus
1384 2254 1505 2301 ora!

342 2344 576 2392 mansisti
602 2344 819 2393 stabulis
846 2343 1019 2391 abdita
1044 2350 1193 2406 pasta
1217 2342 1336 2390 tuis,

270 2447 356 2493 an,
391 2434 638 2496 quoniam
665 2441 921 2495 agrestem
947 2433 1169 2481 detraxit
1194 2432 1258 2479 ab
1289 2444 1375 2478 ore
1401 2429 1616 2492 figuram

339 2521 586 2585 Iuppiter,
621 2522 812 2572 ideireo
840 2523 979 2572 facta
1003 2521 1224 2584 superba
1249 2518 1421 2567 dea's?

169 2617 228 2658 15
269 2624 337 2657 an
362 2610 455 2658 tibi
479 2625 589 2659 non
614 2610 737 2660 satis
765 2619 844 2659 est
867 2610 1024 2660 fuscis
1051 2608 1314 2671 Aegyptus
1341 2606 1601 2656 alumnis?
