1942 3000
794 184 973 222 mmm
1004 185 1091 223 111.
1581 181 1686 232 267

828 429 984 477 XXII
996 429 1045 476 b.

191 605 312 664 Aut,
346 605 389 652 si
417 620 470 653 es
496 606 640 666 dura,
675 621 837 668 nega:
882 607 961 655 sin
990 621 1043 654 es
1071 622 1177 655 non
1204 607 1350 667 dura,
1384 608 1575 656 venito.

264 693 386 756 quid
412 694 551 741 Iuvat
574 694 628 741 in
654 695 800 742 nullo
827 708 1022 757 ponere
1048 695 1203 743 verba
1238 695 1392 743 loco?

88 788 150 829 45
191 781 274 829 hic
300 796 432 828 unus
458 782 608 830 dolor
634 789 712 830 est
739 796 804 829 ex
829 782 1068 830 omnibus
1095 796 1213 830 acer
1236 784 1448 842 amanti,

262 871 489 932 speranti
515 870 683 918 subito
708 870 858 932 siqua
887 870 1057 918 venire
1081 878 1254 931 negat.

191 966 384 1021 quanta
409 959 556 1006 illum
583 966 694 1006 toto
719 965 924 1008 versant
948 959 1170 1021 suspiria
1193 959 1348 1018 lecto,

263 1062 379 1095 eum
404 1047 579 1110 recipi,
614 1061 766 1109 quem
791 1062 896 1094 non
925 1047 1124 1095 noverit
1149 1047 1258 1106 illa,
1293 1054 1455 1109 putat,

193 1142 242 1184 et
268 1150 441 1183 rursus
469 1150 683 1198 puerum
710 1136 1006 1198 quaerendo
1033 1136 1208 1183 audita
1232 1136 1430 1197 fatigat,

86 1232 149 1274 50
264 1238 433 1286 quem,
468 1239 599 1286 quae
625 1225 756 1273 scire
780 1225 942 1283 timet,
972 1239 1219 1286 quaerere
1245 1225 1395 1286 plura
1418 1225 1577 1272 iubet.

194 1346 1634 1361 οοοοοοοοοοοοοοοο

839 1682 1036 1731 XXIII.

192 1843 290 1893 Cui
316 1843 415 1891 fuit
439 1843 631 1891 indocti
656 1843 902 1906 fugienda
926 1843 1056 1892 haec
1081 1843 1263 1891 semita
1287 1841 1444 1904 vulgi,

263 1933 376 1995 ipsa
402 1932 561 1995 petita
585 1932 703 1980 lacu
728 1947 867 1981 nnnc
891 1932 1016 1980 mihi
1045 1931 1207 1979 duleis
1235 1937 1435 1993 aquast.

193 2020 451 2084 ingenuus
480 2021 751 2082 quisquam
778 2021 988 2069 alterius
1018 2020 1106 2068 dat
1129 2034 1344 2068 munera
1369 2034 1533 2078 serve,

265 2115 323 2156 ut
347 2108 598 2170 promissa
625 2122 749 2156 suae
772 2110 927 2156 verba
951 2109 1085 2156 ferat
1107 2109 1365 2168 dominae,

125 2205 152 2245 5
197 2205 246 2245 et
272 2196 474 2259 quaerit
503 2197 691 2244 totiens
717 2196 990 2257 ‘quaenam
1015 2211 1154 2244 nunc
1181 2197 1406 2258 porticus
1438 2195 1584 2244 illam

264 2285 447 2346 integit
459 2285 498 2332 ’θ’
523 2292 573 2333 et
595 2284 795 2346 ‘eampo
822 2299 925 2347 quo
951 2292 1124 2333 movet
1147 2285 1237 2333 illa
1262 2285 1416 2347 pedes
1431 2285 1485 2343 ?’,

195 2374 396 2433 deinde,
430 2373 514 2422 ubi
541 2373 830 2436 pertuleriS,
864 2388 994 2435 quos
1022 2373 1145 2422 dicit
1170 2373 1324 2432 fama,
1356 2373 1560 2421 labores

267 2462 523 2522 HerculiS,
555 2469 614 2509 ut
639 2462 831 2510 scribat
854 2462 1098 2509 ‘muneris
1128 2461 1310 2524 ecquid
1336 2461 1494 2508 habes
1506 2459 1564 2520 Ρ,

199 2565 408 2601 cernere
434 2551 508 2598 uti
537 2551 707 2612 possis
734 2550 928 2597 vultum
955 2550 1182 2598 custodis
1211 2549 1387 2608 amari,

91 2647 153 2690 10
269 2647 449 2703 eaptus
476 2647 525 2687 et
549 2639 798 2686 inmunda
823 2653 978 2701 saepe
1001 2639 1163 2686 latere
1190 2636 1343 2686 casa?
