1942 3000
219 381 282 423 20

219 915 281 956 25

222 1359 282 1400 30

221 1803 283 1845 35

219 2248 282 2289 40

321 125 392 175 60
939 128 1197 167 cumn

321 300 467 334 mora
490 286 636 334 tarda
659 293 829 333 mente
855 286 1032 333 cedat:
1066 285 1217 332 simul
1245 285 1332 344 ite,
1364 285 1639 347 sequimini

321 374 596 436 Phrygiam
621 374 685 423 ad
711 374 918 422 domum
946 372 1198 436 CybebeS,
1230 374 1454 436 Phrygia
1478 375 1542 422 ad
1569 388 1782 424 nemora

535 462 678 523 deae,

321 552 410 600 ubi
437 552 726 614 cymbalum
753 559 905 599 sonat
930 566 1049 611 vox,
1085 552 1173 600 ubi
1200 560 1445 615 tympana
1471 554 1704 609 reboant,

320 641 509 690 tibicen
536 641 624 690 ubi
653 640 791 688 canit
815 640 988 702 Phryx
1014 654 1167 688 curvo
1197 655 1351 703 grave
1378 641 1596 700 calamO,

321 730 409 778 ubi
437 730 607 793 capita
632 729 905 778 maenades
931 729 978 776 vi
1005 729 1200 777 iaciunt
1225 729 1572 791 hederigerae,

314 818 402 866 ubi
426 833 574 866 sacra
598 828 777 866 sancta
802 818 962 867 acutis
992 818 1272 867 ululatibus
1300 818 1514 880 agitant,

321 907 411 955 ubi
437 907 601 955 suevit
628 907 720 955 illa
745 907 889 955 divae
915 908 1130 955 volitare
1156 922 1285 969 vaga
1312 907 1516 955 cohors.

323 1010 426 1059 quo
455 1010 549 1044 nos
578 997 725 1043 decet
752 995 919 1043 citatis
947 996 1171 1044 celerare
1201 995 1478 1058 tripudiis?

322 1085 475 1133 simul
501 1085 627 1132 haec
655 1083 926 1132 comitibus
949 1084 1089 1131 Attis
1118 1083 1302 1132 cecinit
1326 1084 1487 1132 notha
1510 1083 1711 1143 mulier,

323 1173 519 1236 tQUS
547 1180 757 1235 repente
782 1172 974 1234 linguis
1002 1172 1377 1235 trepidantibus
1404 1174 1587 1233 ululat,

322 1262 435 1311 leve
461 1270 759 1325 tympanum
784 1262 1022 1324 remugit,
1057 1277 1181 1310 cava
1207 1262 1440 1324 cymbala
1464 1269 1754 1324 recrepant,

323 1351 533 1400 viridem
559 1351 688 1399 citus
716 1351 823 1399 adit
846 1351 991 1399 Idam
1016 1359 1325 1414 properante
1350 1351 1480 1413 pede
1507 1351 1711 1398 chorus.

322 1440 602 1488 furibunda
627 1439 777 1487 simul
804 1440 1054 1488 anhelans
1082 1455 1211 1503 vaga
1237 1439 1373 1487 vadit
1398 1440 1621 1487 animam
1648 1452 1808 1514 agens

324 1530 567 1579 comitata
591 1536 835 1592 tympano
859 1530 999 1577 Attis
1027 1544 1118 1592 per
1145 1543 1309 1591 opaca
1335 1543 1546 1577 nemora
1572 1528 1694 1586 duX,

323 1618 480 1668 veluti
505 1618 719 1666 iuvenca
743 1619 906 1667 vitans
935 1633 1067 1666 onus
1095 1617 1345 1665 indomita
1368 1617 1506 1679 iugi:

324 1706 532 1770 rapidae
558 1707 738 1754 ducem
764 1715 1051 1769 sequuntur
1078 1705 1260 1754 Gallae
1285 1704 1695 1768 properipedem.

324 1796 516 1859 itaque,
552 1802 608 1843 ut
634 1796 839 1842 domum
867 1793 1098 1856 Cybebes
1126 1795 1339 1856 tetigere
1365 1794 1606 1854 lassulae‚

323 1885 484 1934 nimio
513 1899 540 1932 e
565 1885 743 1932 labore
769 1898 1008 1932 somnum
1035 1884 1248 1945 capiunt
1270 1884 1381 1930 sine
1409 1881 1611 1931 Cerere.

325 1973 471 2037 piger
497 1974 573 2021 his
600 1973 806 2021 labante
832 1973 1047 2034 langore
1075 1973 1255 2020 oculos
1282 1986 1440 2034 sopor
1466 1972 1660 2035 operit:

322 2061 431 2111 abit
455 2062 508 2109 in
535 2062 707 2124 quiete
732 2061 876 2109 molli
902 2061 1110 2109 rabidus
1138 2061 1283 2108 furor
1307 2060 1483 2108 animi.

322 2151 412 2200 sed
437 2151 525 2200 ubi
553 2151 656 2198 oris
683 2149 824 2199 aurei
852 2148 944 2198 Sol
973 2149 1291 2198 radiantibus
1319 2150 1483 2198 oeulis

323 2239 555 2288 lustravit
578 2240 786 2288 aethera
810 2225 1003 2297 album,
1036 2239 1147 2286 sola
1173 2239 1315 2298 dura,
1348 2252 1488 2287 mare
1514 2238 1695 2297 ferum,

298 2329 620 2392 ,pepulitque
646 2329 812 2377 noetis
839 2330 1047 2376 umbras
1073 2328 1266 2394 vegetis
1293 2326 1647 2390 sonipedibus,

320 2418 391 2466 ibi
422 2417 644 2468 Somnus
674 2418 894 2466 excitam
915 2417 1066 2465 Attin
1091 2416 1296 2478 fugiens
1325 2416 1452 2465 citus
1482 2416 1635 2465 abiitz

322 2507 609 2570 trepidante
637 2521 752 2555 eum
779 2507 972 2570 recepit
996 2506 1092 2554 dea
1116 2506 1356 2570 Pasithea
1381 2506 1516 2554 sinu.

321 2596 394 2645 ita
419 2598 482 2646 de
509 2597 680 2661 quiete
705 2596 852 2645 molli
879 2596 1058 2659 rapida
1082 2595 1193 2644 sine
1221 2595 1360 2644 rabie
