1942 3000
784 126 963 163 usn-R
993 126 1106 164 1111.
1594 123 1699 173 139

275 290 326 330 et
351 283 550 330 demam
577 282 731 330 celeri
756 282 924 331 ferrea
947 282 1119 331 vincla
1143 283 1278 331 cani.

101 378 161 420 15
200 378 310 419 tum
333 371 475 431 mihi,
507 379 616 419 tum
639 371 880 434 placeant
904 371 1080 430 silvae,
1111 371 1173 430 si,
1205 371 1297 418 lux
1321 384 1454 431 mea,
1486 379 1657 420 tecum

272 474 459 522 arguar
484 466 602 507 ante
627 460 763 522 ipsas
792 460 1132 508 concubuisse
1158 459 1368 522 plagas:

200 554 308 595 tum
332 548 500 596 veniat
521 549 643 596 licet
666 548 731 595 ad
758 563 947 608 casseS,
980 548 1205 596 inlaesus
1233 548 1412 608 abibit,

271 651 337 685 ne
362 636 575 684 Veneris
603 638 818 699 cupidae
844 637 1034 699 gaudia
1058 637 1243 695 turbet,
1276 651 1417 699 aper.

200 738 339 772 nunc
365 725 474 773 sine
497 739 580 774 me
605 725 672 773 sit
695 725 840 773 nulla
863 725 1060 783 Venus,
1091 725 1180 773 sed
1207 725 1324 787 lege
1347 726 1567 786 Dianae,

96 821 160 862 20
273 821 411 862 caste
435 827 580 875 puer,
613 822 753 861 casta
777 813 905 861 retia
931 821 1088 876 tange
1112 823 1299 862 manu:

203 907 254 950 et
278 915 633 964 quaecumque
658 916 774 950 meo
800 902 976 949 furtim
1001 902 1233 964 subrepit
1259 902 1440 962 amori,

273 989 467 1037 incidat
489 989 543 1038 in
568 1004 743 1038 saevas
771 990 1061 1053 diripienda
1085 991 1238 1039 feras.

203 1085 256 1125 at
279 1083 335 1125 tu
360 1078 577 1125 venandi
602 1079 827 1127 studium
856 1079 1082 1128 concede
1108 1080 1325 1142 parenti,

271 1172 320 1213 et
345 1166 483 1214 celer
505 1168 560 1214 in
587 1175 790 1215 nostros
814 1167 925 1230 ipse
950 1182 1154 1216 recurre
1179 1168 1341 1217 sinus,

788 1354 1098 1361 -————-..

881 1537 1000 1589 1111.

197 1698 314 1747 Huc
338 1700 457 1748 ades
487 1707 536 1747 et
561 1707 769 1747 tenerae
796 1700 1001 1747 morbos
1026 1700 1226 1762 expelle
1251 1699 1472 1762 puellae,

270 1787 369 1836 huc
396 1787 535 1848 ade8‚
569 1788 777 1836 intonsa
802 1787 1012 1835 Phoebe
1039 1788 1257 1850 superbe
1284 1802 1448 1835 coma.

200 1876 349 1924 crede
374 1876 514 1935 mihi,
548 1891 797 1939 propera:
841 1891 936 1925 nec
964 1877 1157 1935 teiam,
1188 1877 1412 1936 Phoebe,
1445 1875 1640 1939 pigebit

270 1964 529 2014 formosae
553 1965 775 2013 medicas
802 1965 1116 2027 adplicuisse
1144 1979 1343 2011 manus.

129 2062 155 2101 5
200 2053 346 2101 effice
372 2068 437 2101 ne
462 2053 649 2101 macies
676 2054 927 2115 pallentes
956 2061 1176 2115 occupet
1200 2060 1359 2111 artuS,

270 2156 372 2189 neu
398 2147 540 2189 notet
563 2141 796 2189 informis
824 2140 1043 2189 candida
1066 2142 1295 2189 membra
1320 2141 1479 2199 color,

199 2237 251 2278 et
276 2230 638 2292 quodcumque
662 2229 836 2277 malist
861 2237 911 2277 et
938 2229 1186 2292 quidquid
1212 2229 1358 2277 triste
1381 2228 1635 2288 timemus,

266 2318 320 2365 in
349 2320 561 2380 pelagus
590 2318 783 2381 rapidis
811 2319 991 2366 evehat
1014 2318 1177 2366 amnis
1205 2319 1374 2380 aquis,

196 2414 393 2467 sancte,
424 2407 557 2466 veni,
591 2415 861 2468 tecumque
887 2406 1041 2466 feraS,
1073 2407 1384 2468 quicumque
1409 2419 1640 2468 sapores,

93 2503 154 2544 10
270 2495 580 2557 quicumque
608 2502 658 2542 et
684 2503 863 2543 cantus
890 2508 1109 2557 corpora
1135 2495 1271 2542 fessa
1296 2495 1494 2542 levant:

196 2597 301 2631 neu
326 2583 559 2630 iuvenem
586 2589 785 2645 torque,
817 2583 998 2630 metuit
1022 2583 1111 2645 qui
1137 2583 1242 2630 fata
1266 2583 1470 2645 puellae
