1942 3000
773 173 954 212 mmm
984 172 1076 211 111.
1569 169 1674 221 273

247 344 328 378 me
353 329 475 379 licet
502 330 639 378 unda
664 330 814 389 ferat,
846 337 896 377 te
922 329 1076 376 modo
1103 337 1238 376 terra
1263 335 1418 391 tegat.

23 453 24 456 =
78 428 139 468 45
181 419 265 467 sed
292 433 398 466 nou
421 418 691 481 Neptunus
717 424 861 466 tanto
890 417 1112 465 crudelis
1139 417 1320 474 amori,

245 507 512 570 Neptunus
539 506 681 553 fratri
706 520 799 568 par
820 504 875 552 in
902 519 1077 552 amore
1101 504 1230 553 Iovi.

180 583 318 645 teetis
344 595 651 656 Amymone,
683 594 863 642 latices
891 608 1008 641 cum
1033 592 1204 653 ferret,
1236 593 1292 639 in
1316 592 1472 653 Argis

195 687 200 694 ’
249 697 545 746 conpressa,
578 690 629 731 et
655 683 856 732 Lernae
883 682 1036 744 pulsa
1060 681 1277 729 tridente
1303 681 1471 743 palus.

178 773 281 821 iam
306 773 429 821 deus
456 771 700 834 amplexu
725 776 900 817 votum
924 769 1199 832 persolvit:
1244 773 1298 815 at
1321 768 1397 815 illi

79 869 137 910 50
195 883 204 904 :
248 875 403 908 aurea
429 859 625 907 divinas
651 871 782 905 urna
806 855 1034 919 profudit
1058 870 1239 918 aquae.

179 949 434 998 crudelem
460 954 510 995 et
534 947 756 995 Boream
781 951 929 1007 rapta
955 943 1193 1006 Orithyia
1219 943 1451 1004 negavit:

246 1037 329 1085 hic
356 1036 479 1083 deus
507 1041 558 1083 et
580 1041 740 1082 terras
767 1039 820 1080 et
844 1030 1006 1079 maria
1032 1032 1141 1079 alta
1165 1030 1356 1079 domat.

177 1125 324 1173 crede
347 1122 489 1183 mihi,
521 1122 673 1170 nobis
698 1121 931 1169 mitescet
957 1119 1130 1182 Scylla
1153 1132 1252 1167 nec
1276 1132 1525 1179 umquam

189 1197 194 1202 ⁷
247 1214 533 1261 alternante
558 1224 746 1259 vacans
772 1216 915 1257 vasta
940 1206 1225 1268 Charybdis
1252 1220 1405 1267 aqua,

74 1312 135 1352 55
175 1302 392 1365 ipsaque
418 1299 585 1348 sidera
612 1305 762 1346 erunt
785 1297 943 1344 nullis
971 1296 1191 1343 obscura
1216 1293 1458 1352 tenebriS,

175 1455 184 1462 .
246 1404 404 1453 purus
432 1395 482 1436 et
508 1386 690 1445 Orion,
722 1399 880 1448 purus
908 1390 957 1431 et
983 1382 1176 1430 haedus
1204 1381 1314 1428 erit.

178 1478 315 1545 quod
341 1476 465 1525 mihi
492 1476 534 1525 si
561 1473 803 1539 ponenda
828 1479 916 1521 tuo
943 1471 1011 1520 sit
1037 1482 1252 1533 corpore
1276 1468 1395 1528 vita,

251 1568 418 1616 exitus
445 1565 529 1614 hic
554 1563 706 1612 nobis
734 1576 837 1609 non
866 1560 1174 1608 inhonestus
1203 1556 1311 1605 erit.

768 1759 1094 1774 ———-——-———=.

676 2003 736 2054 4
816 1999 1037 2050 XXVII.

180 2183 247 2232 Et
272 2197 361 2230 vos
387 2182 655 2239 incertam,
686 2177 947 2236 mortaleS,
980 2174 1178 2222 funeris
1203 2172 1384 2220 horam

255 2270 519 2335 quaeriti8‚
552 2276 602 2318 et
626 2282 731 2330 qua
757 2266 822 2314 sit
846 2278 983 2312 mors
1010 2263 1212 2310 aditura
1234 2260 1335 2318 via,

183 2361 428 2424 quaeritis
456 2365 507 2407 et
534 2356 676 2406 caelo
702 2353 1026 2403 Phoenicum
1048 2351 1259 2398 inventa
1283 2359 1484 2405 serene,

255 2463 391 2512 quae
415 2448 483 2495 sit
508 2446 657 2494 stella
680 2442 877 2492 homini
903 2438 1174 2488 commoda
1198 2448 1434 2499 quaeque
1459 2432 1614 2491 mala,

110 2547 137 2586 5
180 2552 275 2588 seu
300 2537 513 2600 pedibus
540 2533 760 2582 Parthos
786 2529 1019 2592 sequitur
1045 2541 1136 2576 seu
1162 2525 1327 2573 classe
1351 2522 1652 2577 BritannOS,

256 2633 305 2674 et
329 2623 482 2674 maris
509 2630 559 2673 et
572 2601 749 2671 *terrae
775 2632 929 2668 caeca
952 2616 1149 2681 pericla
1173 2614 1301 2673 viae,

1270 2719 1364 2769 18*
