1942 3000
293 170 398 220 144
915 171 1156 209 ‘rmuLu

185 338 250 381 65
291 338 345 379 at
370 338 458 378 tua
483 328 779 393 perdidicit:
823 342 918 375 nee
944 336 1017 388 tu,
1052 328 1367 387 stultissime,
1398 328 1575 386 sentiS‚

364 431 481 466 eum
506 418 600 465 tibi
627 433 733 465 non
760 417 915 465 solita
940 432 1126 480 eorpus
1153 419 1217 464 ab
1244 425 1352 465 arte
1379 425 1567 465 movet.

290 514 413 555 tune
440 513 587 570 putas
614 506 759 553 illam
784 521 877 568 pro
905 513 955 553 te
981 506 1251 568 disponere
1278 506 1440 554 crines

363 601 453 643 aut
475 600 654 642 tenues
681 595 842 643 denso
870 602 1073 657 pectere
1098 595 1250 642 dente
1278 593 1486 642 comas?

292 683 451 732 istaec
477 683 951 750 persuadet-facies,
987 697 1217 744 auroque
1245 683 1465 731 lacertos

187 779 251 821 70
363 771 551 819 vinciat
577 779 628 820 et
651 772 807 834 Tyrio
835 772 1050 834 prodeat
1075 782 1196 834 apta
1221 772 1356 819 sinu.

293 875 399 909 non
426 860 537 920 tibi,
568 861 656 908 sed
683 860 853 908 iuveni
882 860 1084 908 cuidam
1109 861 1216 908 vult
1243 860 1378 908 bella
1405 859 1580 918 videri,

364 949 609 997 devoveat
632 964 727 1012 pro
755 964 858 1011 quo
887 963 1095 1011 remque
1122 949 1433 1010 domumque
1459 955 1615 995 tuam.

291 1052 387 1086 nee
414 1037 537 1085 facit
562 1037 663 1085 hoe
687 1037 827 1097 vitio,
859 1038 946 1085 sed
973 1052 1192 1099 corpora
1217 1036 1371 1083 foeda
1396 1036 1625 1099 podagra

364 1138 413 1173 et
438 1125 578 1173 senis
605 1126 872 1188 amplexus
901 1127 1040 1173 culta
1065 1126 1240 1189 puella
1267 1125 1415 1186 fugit.

189 1222 252 1263 ‘15
291 1214 412 1261 huic
437 1220 609 1261 tamen
636 1214 880 1261 adcubuit
905 1222 1080 1262 noster
1105 1228 1255 1276 puer:
1297 1214 1435 1261 hunc
1461 1227 1558 1276 ego
1585 1213 1790 1263 credam

366 1317 481 1349 eum
504 1302 730 1350 trucibus
756 1303 1011 1351 Venerem
1034 1302 1247 1364 iungere
1272 1316 1426 1365 posse
1452 1296 1616 1349 feris(

296 1390 643 1438 blanditiasne
667 1405 806 1438 meas
833 1391 948 1439 aliis
976 1398 1031 1438 tu
1055 1391 1273 1438 vendere
1300 1405 1352 1438 es
1379 1405 1555 1449 ausus,

364 1486 486 1528 tune
512 1478 626 1527 aliis
655 1479 860 1528 demens
887 1480 1065 1529 oscula
1091 1479 1223 1528 ferre
1247 1479 1397 1527 mea?

293 1575 402 1617 tum
426 1568 589 1627 flebiS,
622 1583 738 1616 cum
762 1583 843 1617 me
868 1570 1097 1617 vinetum
1122 1583 1249 1631 puer
1274 1569 1403 1616 alter
1426 1568 1633 1617 habebit

188 1664 251 1705 80
363 1663 414 1704 et
438 1664 580 1717 geret
602 1657 657 1704 in
683 1671 843 1719 regno
871 1672 1031 1720 regna
1056 1658 1277 1719 superba
1302 1664 1409 1705 tuo,

293 1752 346 1793 at
371 1752 459 1792 tua
484 1752 592 1792 tum
616 1760 697 1793 me
723 1760 893 1808 poena
918 1746 1072 1801 iuvet,
1108 1746 1401 1807 Venerique
1425 1744 1637 1792 merenti

366 1835 468 1881 fixa
493 1841 638 1882 notet
663 1849 810 1881 casus
837 1849 993 1882 aurea
1019 1836 1189 1896 palma
1215 1848 1374 1882 meos.

291 1923 443 1970 ‘hanc
469 1922 560 1969 tibi
586 1923 761 1970 fallaci
788 1924 1042 1971 resolutus
1069 1937 1243 1971 amore
1266 1923 1504 1970 Tibullus

365 2011 565 2059 dedicat
590 2018 638 2058 et
662 2019 807 2072 grata
832 2012 917 2070 sis,
948 2012 1060 2072 dea,
1095 2020 1264 2059 mente
1289 2012 1478 2072 rogat)

1001 2384 1069 2432 X.

296 2543 425 2604 Quis
451 2544 563 2603 fuit,
596 2543 878 2591 horrendos
905 2544 1096 2606 primus
1126 2544 1214 2605 qui
1242 2543 1456 2605 protulit
1479 2542 1670 2590 enses?

366 2647 520 2694 quam
545 2632 681 2679 ferus
709 2640 759 2681 et
784 2646 897 2681 vere
922 2634 1114 2679 ferreus
1143 2632 1228 2679 ille
1255 2631 1378 2677 fuit!
