1942 3000
248 147 354 197 232
835 153 1164 193 ntorum-11

318 315 429 357 tum
454 321 576 358 vero
601 310 785 371 longas
815 310 1084 360 condimus
1110 311 1329 361 Iliadas:

149 403 208 444 15
247 410 340 445 seu
365 397 614 460 quidquid
638 397 761 447 fecit
784 398 889 447 sive
914 406 993 447 est
1017 399 1384 470 quodcumque·
1403 399 1595 458 locuta,

318 486 546 534 maxima
571 487 635 536 de
660 487 825 535 nihilo
851 489 1082 536 nascitur
1105 488 1337 537 historia.

249 574 390 638 quod
415 575 540 623 mihi
566 575 608 624 si
636 583 853 635 tantum,
884 578 1180 637 Maecenate,
1211 578 1319 625 fata
1344 576 1619 636 dedissent,

319 669 377 711 ut
399 678 607 725 possem
630 663 816 712 heroas
842 664 1030 712 ducere
1054 664 1109 711 in
1137 678 1280 712 arma
1302 678 1503 724 manue,

246 766 358 801 non
384 765 480 814 ego
507 752 693 801 titanas
722 766 976 812 canerem,
1007 768 1114 802 non
1142 751 1313 800 Ossan
1342 750 1564 816 Olympo

145 847 209 890 20
318 841 615 903 inpositam,
646 850 704 889 ut
728 842 860 890 caeli
884 841 1070 890 Pelion
1097 850 1232 891 esset
1256 842 1370 902 iter,

246 942 356 977 non
382 937 574 978 veteres
599 930 824 990 Thebas,
863 945 960 979 nec
985 931 1237 993 Pergama
1262 945 1451 980 nomen
1474 929 1703 990 Homeri,

316 1015 507 1065 Xerxis
535 1024 586 1066 et
609 1017 825 1080 imperio
853 1018 978 1066 bina
1002 1019 1168 1067 coisse
1193 1019 1339 1079 vada,

248 1118 471 1167 regnave
495 1106 660 1169 prima
685 1105 848 1167 Remi,
881 1113 970 1154 aut
995 1107 1195 1155 animos
1223 1104 1550 1170 Carthaginis
1575 1106 1732 1166 altae,

321 1193 748 1256 Cimbrorumque
771 1193 937 1242 minas
965 1201 1016 1243 et
1039 1194 1310 1244 benefacta
1332 1194 1494 1244 Mari:

145 1289 208 1331 25
249 1282 489 1344 bellaque
515 1295 699 1344 resque
725 1281 799 1329 tui
824 1296 1161 1330 memorarem
1187 1281 1442 1343 CaesariS,
1474 1290 1524 1331 et
1547 1289 1605 1331 tu

322 1368 545 1419 Caesare
568 1370 663 1417 sub
690 1384 881 1434 magno
908 1384 1034 1417 cura
1059 1369 1286 1418 secunda
1312 1369 1467 1418 fores·

249 1472 370 1507 nam
395 1457 634 1521 quotiens
659 1457 915 1506 Mutinam
942 1463 1032 1505 aut
1058 1456 1224 1506 civilia
1249 1457 1399 1506 busta
1422 1456 1697 1522 Philippos

318 1553 409 1594 aut
434 1560 674 1595 canerem
702 1545 907 1596 Siculae
933 1546 1152 1594 classica
1177 1546 1314 1594 bella
1339 1545 1513 1608 fugae,

250 1648 553 1698 eversosque
578 1635 725 1684 focos
751 1634 996 1696 antiquae
1021 1634 1191 1697 gentis
1215 1633 1482 1694 Etruscae,

145 1730 208 1772 30
320 1730 372 1771 et
395 1723 679 1772 Ptolemaei
704 1723 861 1771 litora
885 1730 1039 1786 capta
1061 1722 1235 1782 Phari,

247 1818 340 1860 aut
376 1825 612 1859 canerem
644 1811 940 1874 Aegyptum
977 1818 1030 1860 et
1063 1811 1240 1860 Nilum
1287 1825 1405 1860 cum
1449 1818 1641 1861 tractus
1692 1811 1751 1860 in

463 1900 641 1948 urbem

318 1995 515 2050 septem
540 1986 752 2050 captivis
779 1987 961 2036 debilis
988 1987 1096 2036 ibat
1119 1987 1287 2050 aquis,

248 2083 339 2124 aut
363 2091 542 2139 regum
566 2075 757 2124 auratis
784 2075 1085 2124 circundata
1114 2076 1252 2124 colla
1278 2077 1492 2138 catenis,

318 2163 573 2226 Actiaque
597 2163 652 2212 in
680 2178 827 2212 sacra
853 2177 1055 2212 currere
1080 2171 1247 2212 rostra
1272 2164 1372 2224 via,

145 2261 207 2303 35
247 2260 298 2303 te
322 2267 436 2302 mea
461 2264 609 2303 musa
634 2253 738 2301 illis
766 2267 968 2315 semper
995 2260 1293 2302 contexeret
1317 2253 1491 2314 armis,

320 2349 372 2390 et
396 2349 600 2404 sumpta
625 2349 675 2390 et
699 2342 868 2405 posita
894 2344 1023 2405 pace
1048 2342 1200 2391 fidele
1225 2349 1397 2405 caput.

246 2430 477 2479 Theseus
500 2430 735 2489 infernis,
768 2431 965 2493 superis
993 2437 1209 2479 testatur
1230 2431 1482 2492 Achilles,

320 2518 404 2566 hic
427 2517 719 2577 Ixioniden,
748 2517 838 2566 ille
862 2518 1244 2567 Menoetiaden.

248 2603 338 2653 sed
366 2618 534 2668 neque
558 2605 873 2668 Phlegraeos
896 2605 1033 2655 Iovis
1057 2605 1408 2669 Enceladique
1433 2608 1685 2657 tumultus
