1942 3000
140 667 203 707 10

142 1109 204 1149 ¹5

899 150 1097 188 mna.

246 320 369 353 nam
394 306 621 355 mellitus
649 315 758 356 erat
781 322 1033 370 suamque
1058 316 1208 356 norat

245 394 362 456 ipsa
386 402 493 442 tam
519 395 652 443 bene
679 410 833 458 quam
860 395 1038 458 puella
1061 404 1294 456 matrem,

247 496 344 530 nec
369 496 484 531 sese
508 498 539 531 a
563 483 759 545 gremio
785 484 928 532 illius
954 485 1210 543 movebat,

245 570 337 618 sed
362 570 733 620 circumsiliens
758 572 914 620 modo
939 572 1041 620 huc
1065 572 1220 620 modo
1246 572 1374 621 illuc

246 659 313 707 ad
341 659 508 707 solam
532 660 793 709 dominam
816 675 984 724 usque
1009 660 1279 724 pipilabat.

247 747 337 810 qui
362 762 503 796 nunc
528 748 570 796 it
593 763 686 811 per
708 748 806 797 iter
830 749 1213 797 tenebricosum

247 836 393 894 illuc,
425 835 560 884 unde
585 844 776 898 negant
800 835 965 885 redire
991 850 1318 899 quemquam.

245 932 301 972 at
324 924 471 973 vobis
495 925 630 973 male
653 925 737 985 sit,
767 924 934 974 1118180
970 926 1215 974 tenebrae

247 1010 393 1071 Orci,
425 1026 557 1074 quae
584 1013 756 1061 omnia
782 1014 920 1062 bella
943 1013 1230 1062 devoratis:

245 1109 356 1150 tam
382 1102 574 1149 bellum
596 1102 723 1150 mihi
748 1117 1008 1165 passerem
1032 1102 1338 1150 abstulistis.

245 1205 277 1237 ο
304 1190 501 1237 factum
525 1190 688 1239 1118101
728 1191 780 1238 10
807 1191 1010 1240 miselle
1033 1192 1241 1254 passer!

246 1287 338 1325 tua
363 1291 503 1325 nnnc
529 1291 687 1340 opera
710 1293 856 1327 meae
879 1279 1085 1341 puellae

243 1365 419 1413 flendo
445 1364 690 1428 turgiduli
718 1367 903 1414 rubent
930 1366 1103 1417 800111.

838 1572 1156 1579 -————.-.-

933 1791 1053 1839 1111.

239 1985 496 2033 Phaselus
522 1984 629 2044 ille,
661 1999 815 2047 quem
839 1986 1038 2046 videtis,
1069 1986 1315 2048 hospites,

242 2074 316 2122 ait
340 2073 501 2121 fuisse
524 2073 734 2121 navium
759 2074 1073 2133 celerrimae,

241 2175 416 2223 neque
440 2161 595 2209 ullius
623 2162 846 2210 natantis
873 2163 1119 2225 impetum
1143 2160 1300 2210 trabis

241 2250 486 2313 nequisse
509 2251 802 2314 praeterire,
833 2251 939 2298 sive
963 2249 1203 2312 palmulis

242 2352 377 2402 opus
402 2338 538 2386 foret
560 2338 735 2387 volare
758 2338 864 2386 sive
889 2337 1071 2385 linteo,

242 2436 293 2477 et
317 2428 418 2476 hoc
441 2436 601 2490 negat
623 2427 839 2475 minacis
862 2426 1115 2476 Adriatici

241 2531 434 2579 negare
458 2516 579 2564 litus
605 2515 866 2564 insulasve
892 2515 1143 2576 Cycladas

239 2605 586 2667 Rhodumque
610 2603 838 2652 nobilem
862 2604 1226 2664 horridamque
1254 2599 1525 2648 Thracium
