1942 3000
248 121 355 171 210
832 125 1155 164 rnorem-11

319 287 375 328 ut
402 282 515 329 sine
540 295 622 329 me
648 288 799 329 vento
828 281 1060 343 quolibet
1086 281 1159 330 ire
1184 281 1344 330 velis?

183 380 208 418 5
248 376 373 417 tune
396 369 572 418 audire
596 376 744 432 potes
769 371 942 418 vesani
968 385 1230 418 murmura
1255 371 1403 433 ponti

320 456 485 516 fortiS,
518 464 569 505 et
591 457 645 505 in
671 457 798 504 dura
823 471 954 506 nave
979 458 1148 506 iacere
1172 458 1354 520 potes?

248 553 305 593 tu
330 545 544 607 pedibus
571 545 761 593 teneris
788 546 983 607 positas
1010 546 1193 594 fulcire
1219 547 1446 608 pruinae,

320 641 374 681 tu
402 641 547 695 potes
574 632 828 692 insolitae,
863 632 1103 696 Cynthia,
1135 633 1269 682 ferre
1295 633 1471 683 nives?

250 736 280 769 ο
307 721 502 769 utinam
526 720 771 770 hibernae
797 722 1126 785 duplicentur
1151 730 1385 785 tempora
1410 724 1639 783 brumae,

150 818 207 859 10
320 818 369 859 et
394 811 462 859 sit
484 810 620 859 iners
647 810 807 859 tardis
834 811 1007 858 navita
1032 811 1289 874 vergiliis!

249 913 343 948 nee
370 899 463 947 tibi
489 900 756 961 Tyrrhena
780 899 1007 947 solvatur
1031 899 1170 948 funis
1195 900 1408 959 harena,

318 1001 445 1035 neve
472 987 681 1035 inimica
704 1000 844 1036 meas
873 987 1039 1035 elevet
1062 1002 1188 1035 aura
1214 1002 1390 1049 preces

151 1082 209 1123 15
250 1082 300 1123 et
324 1088 405 1122 me
431 1075 655 1122 defixum
679 1088 842 1122 vacua
868 1075 1092 1137 patiatur
1115 1075 1169 1123 in
1195 1090 1287 1123 ora

318 1162 576 1210 crudelem
600 1162 791 1212 infesta
816 1176 971 1224 saepe
998 1177 1182 1211 vocare
1209 1178 1382 1211 manu.

145 1259 204 1300 13
245 1258 400 1313 atque
428 1264 523 1311 ego
551 1265 657 1299 non
683 1251 884 1299 videam
909 1250 1038 1299 tales
1066 1250 1331 1299 subsidere
1361 1258 1560 1311 ventos,

316 1354 433 1387 cum
458 1338 552 1387 tibi
578 1346 845 1402 provectas
872 1339 1072 1386 auferet
1096 1339 1238 1386 unda
1262 1345 1416 1387 rates.

148 1434 201 1475 17
246 1427 337 1475 sed
363 1439 690 1489 quocumque
715 1426 870 1474 modo
897 1426 959 1474 de
985 1440 1084 1485 me,
1117 1426 1340 1489 periura,
1372 1426 1601 1481 mereris,

317 1515 384 1563 sit
410 1514 627 1564 Galatea
649 1522 768 1563 tuae
793 1528 900 1563 non
926 1515 1100 1563 aliena
1123 1515 1253 1574 viae,

245 1586 369 1653 vites
396 1604 533 1652 felici
560 1611 828 1667 praevecta
855 1602 1114 1652 Ceraunia
1138 1616 1299 1662 reme,

143 1698 205 1740 20
318 1691 538 1754 accipiat
561 1691 774 1754 placidis
803 1689 987 1739 Oricos
1014 1691 1344 1754 aequoribus.

245 1795 365 1828 nam
391 1794 473 1827 me
498 1795 604 1828 non
634 1780 770 1829 ullae
795 1787 1039 1842 poterunt
1064 1774 1389 1844 eorrumpere
1420 1780 1614 1839 taedae,

317 1868 443 1930 quin
472 1882 567 1930 ego
597 1869 698 1916 fida
723 1876 812 1916 tuo
839 1867 1018 1916 limine
1043 1870 1197 1917 verba
1224 1883 1435 1932 querar:

246 1970 343 2004 nee
368 1970 450 2003 me
475 1956 677 2003 deficiet
699 1964 881 2005 nautas
909 1956 1131 2019 rogitare
1158 1957 1341 2006 citatos

315 2042 503 2102 ‘dicite,
536 2057 639 2105 quo
667 2051 819 2106 portu
844 2045 1023 2093 clausa
1046 2046 1223 2108 puella
1245 2053 1405 2094 meast
1417 2045 1457 2092 P’

144 2139 205 2180 25
247 2140 296 2180 et
320 2131 487 2180 dicam
511 2131 647 2179 ‘lieet
669 2132 898 2182 Autariis
926 2134 1164 2182 considat
1187 2134 1243 2181 in
1269 2134 1391 2193 oriS‚

318 2228 369 2268 et
393 2220 516 2269 lieet
538 2218 761 2282 Hylleis:
803 2221 896 2270 illa
919 2222 1094 2271 futura
1116 2224 1319 2272 meast.'
