1942 3000
744 198 747 201 ,
812 169 986 207 mmm
1017 170 1076 205 v.
1169 158 1173 162 '
1313 165 1323 178 ⁸
1585 166 1688 216 367

906 432 973 480 Χ.

10 402 13 433 ³

10 440 13 465 l

195 588 345 637 Nune
370 581 505 639 Iovis
531 591 776 654 incipiam
802 606 985 640 causas
1017 591 1217 654 aperire
1241 591 1449 658 Feretri,

8 580 35 763 p
64 672 75 696 ⁸
268 692 510 741 armaque
537 679 599 726 de
626 679 841 727 ducibus
869 680 1004 727 trina
1029 687 1235 742 recepta
1259 680 1439 727 tribus.

197 780 442 827 magnum
465 767 561 814 iter
586 767 863 825 adscendo,
899 766 987 814 sed
1012 766 1101 812 dat
1123 766 1248 813 mihi
1274 766 1443 828 gloria
1467 765 1626 814 vires:

267 868 375 901 non
398 854 537 901 iuvat
562 867 590 900 e
615 854 757 902 facili
784 855 919 901 lecta
948 868 1143 919 corona
1167 854 1308 915 iugo.

8 948 17 1003 ζ
130 951 155 989 5
197 940 383 995 imbuis
410 942 702 1004 exemplum
730 942 926 1004 primae
950 950 1024 1002 tu,
1056 941 1292 1001 Romule,
1324 942 1525 1004 palmae

10 1008 13 1025 ζ
49 1062 53 1068 -
265 1028 437 1089 huiuS‚
470 1037 521 1079 et
546 1030 727 1077 exuvio
753 1031 937 1093 plenus
965 1031 1030 1078 ab
1058 1030 1207 1079 hoste
1231 1030 1383 1089 rediS‚

195 1122 426 1178 tempore
451 1131 554 1178 quo
582 1124 755 1179 portas
785 1115 1074 1167 Caeninum
1098 1119 1329 1166 Aeronta
1354 1123 1610 1180 petentem

267 1204 431 1251 vietor
453 1204 507 1267 in
536 1201 765 1253 evei-sum
790 1206 1001 1267 cuspide
1025 1206 1195 1254 fundis
1224 1221 1430 1269 equum.

193 1292 371 1339 Acron
396 1292 682 1341 Herculeus
711 1292 942 1341 Caenina
969 1294 1150 1342 ductor
1175 1296 1240 1342 ab
1266 1307 1401 1355 aree,

90 1388 153 1429 10
266 1378 448 1439 Roma,
480 1379 580 1428 tuis
608 1373 870 1442 quondam
897 1381 1083 1429 finibus
1110 1382 1303 1429 horror·
1319 1389 1442 1430 erat.

187 1467 278 1532 hie
305 1467 474 1531 spolia
500 1483 564 1517 ex
589 1469 779 1518 umeris
806 1484 959 1519 ausus
989 1483 1193 1533 sperare
1221 1468 1423 1529 Quirini

266 1556 378 1619 ipse
405 1556 559 1616 dedit,
593 1557 817 1605 sed-non
844 1557 1098 1621 sanguine
1123 1558 1264 1607 sicea
1287 1545 1402 1607 suc.

194 1644 333 1692 huno
358 1644 493 1693 videt
517 1653 637 1694 ante
663 1660 810 1694 cavas
837 1647 1111 1695 librantem
1136 1647 1337 1709 spicula
1362 1654 1524 1695 turres

75 1792 82 1796 -
263 1731 515 1781 Romulus
543 1740 594 1781 et
617 1734 747 1782 votis
776 1742 997 1797 occupat
1022 1741 1143 1782 ante
1166 1735 1306 1782 ratis,
1430 1722 1433 1725 ¹

90 1829 113 1870 1
128 1829 153 1868 5
194 1820 467 1883 ‘Iuppiter,
497 1821 625 1869 haee
650 1821 803 1870 hodie
827 1822 920 1870 tibi
946 1821 1153 1870 victima
1178 1829 1382 1872 corruet
1406 1822 1608 1870 Aeron'

264 1916 497 1958 voverat:
544 1918 594 1958 et
620 1910 842 1972 spolium
872 1911 1066 1958 corruit
1090 1911 1178 1959 ille
1202 1911 1331 1960 Iovi.

196 1996 334 2044 urbis
360 1997 662 2060 virtutisque
689 2012 873 2060 parens
901 1999 974 2047 sie
1000 1999 1205 2048 vincere
1230 1999 1411 2060 suevit,

265 2085 356 2147 qui
380 2085 500 2132 tulit
525 2085 703 2147 aprico
731 2085 919 2148 frigida
945 2094 1110 2134 castra
1134 2088 1258 2135 lare.

193 2173 328 2220 idem
355 2187 511 2235 eques
542 2180 592 2221 et
616 2173 793 2234 freniS,
825 2175 959 2222 idem
986 2175 1083 2223 fuit
1106 2183 1256 2238 aptus
1283 2175 1482 2235 aratriS,

86 2267 152 2309 20
267 2266 317 2306 et
340 2259 490 2321 galea
516 2259 721 2308 hirsutis
748 2269 953 2323 compta
978 2261 1158 2324 lupina
1183 2260 1336 2310 iubis,

194 2347 332 2410 pieta
358 2362 525 2410 neque
550 2348 760 2397 inducto
785 2349 1016 2411 fulgebat
1041 2364 1218 2413 parma
1244 2365 1472 2413 pyropo:

265 2436 584 2498 praebebant
609 2436 746 2484 eaesi
773 2437 943 2484 baltea
967 2438 1109 2485 lenta
1135 2439 1307 2485 boves.

196 2521 388 2572 Cossus
415 2531 467 2572 at
492 2523 780 2587 insequitur
801 2525 1036 2574 Veientis
1064 2526 1218 2575 caede
1243 2526 1506 2585 Tolumni,

264 2611 464 2661 vincere
491 2627 608 2660 cum
631 2612 789 2661 Veios
816 2628 971 2677 posse
996 2614 1187 2663 laboris
1214 2622 1340 2674 erat,
