1942 3000
840 166 1042 205 Luna.
1593 160 1668 213 80

124 332 189 374 90
289 323 448 372 Troia
471 323 636 371 virum
661 330 713 371 et
737 323 982 372 virtutum
1010 322 1240 371 omnium
1262 324 1450 371 acerba
1475 322 1625 382 cinis,

219 426 421 475 quaene
447 412 602 461 etiam
626 419 806 460 nostro
832 412 993 460 letum
1016 411 1307 461 miserabile
1331 411 1479 459 fratri

290 500 476 549 attulit.
554 500 638 549 hei
665 499 853 549 misero
876 499 1036 548 frater
1060 500 1298 563 adempte
1321 498 1465 559 mihi,

218 588 300 637 hei
326 590 513 638 misero
542 589 686 638 fratri
712 588 995 637 iucundum
1020 589 1192 637 lumen
1217 589 1528 651 ademptum,

291 685 460 726 tecum
485 692 590 726 una
614 685 725 726 tota
750 687 825 726 est
851 685 1028 727 nostra
1051 678 1253 740 sepulta
1277 678 1477 736 domus,

125 774 190 815 95
221 766 395 815 omnia
420 774 589 814 tecum
613 780 718 813 una
746 766 1010 828 perierunt
1035 766 1223 827 gaudia
1247 774 1441 825 nostra,

292 869 426 917 quae
448 863 566 903 tuus
593 855 647 904 in
673 856 777 903 vita
803 854 967 903 dulcis
994 855 1167 902 alebat
1190 869 1353 902 amor.

221 956 375 1005 quem
399 958 540 992 nune
565 950 670 992 tam
695 943 852 1007 longe
878 957 984 991 non
1009 942 1142 991 inter
1167 949 1291 991 nota
1316 942 1553 1005 sepulcra

293 1045 388 1080 nee
414 1046 576 1095 prope
600 1039 850 1095 cognatos
876 1031 1205 1094 conpositum
1232 1030 1448 1090 eineres,

221 1119 311 1167 sed
336 1120 494 1168 Troia
519 1121 762 1180 obscena,
791 1120 949 1169 Troia
974 1119 1183 1168 infelice
1212 1119 1470 1181 sepultum

90 1214 190 1256 100
294 1207 485 1257 detinet
511 1217 739 1257 extremo
764 1216 899 1257 terra
924 1208 1096 1257 aliena
1122 1208 1254 1257 solo.

220 1297 287 1343 ad
308 1311 463 1359 quam
482 1305 590 1345 tum
613 1312 894 1361 properans
922 1297 1085 1346 fertur
1107 1296 1258 1345 simul
1274 1297 1498 1358 undique
1511 1297 1673 1359 pubes

295 1383 493 1433 Graeca
518 1386 795 1448 penetralis
822 1387 1111 1435 deseruisse
1135 1385 1300 1444 foece,

223 1488 289 1523 ne
314 1474 458 1523 Paris
484 1474 705 1524 abducta
730 1475 937 1539 gavisus
963 1475 1126 1524 libera
1149 1473 1364 1523 moecha

294 1561 398 1610 otia
422 1571 607 1626 pacato
633 1565 839 1626 degeret
864 1565 918 1612 in
946 1565 1191 1612 thalamo.

92 1658 189 1698 105
222 1664 327 1712 quo
355 1650 441 1698 tibi
467 1659 576 1699 tum
601 1667 741 1712 casu,
773 1652 1115 1715 pulcherrima
1139 1651 1441 1709 Laodamia,

295 1747 524 1802 ereptum
551 1748 629 1789 est
652 1741 756 1789 vita
780 1741 984 1790 dulcius
1009 1749 1165 1803 atque
1188 1739 1360 1789 anima

223 1827 549 1890 coniugium:
593 1835 738 1877 tanto
766 1838 816 1878 te
841 1830 1124 1878 absorbens
1151 1828 1337 1877 vertice
1360 1826 1551 1875 amoris

292 1924 462 1965 aestus
487 1917 542 1965 in
568 1917 844 1980 abruptum
868 1918 1120 1967 detulerat
1146 1917 1458 1975 barathrum,

221 2004 374 2066 quale
399 2004 573 2053 ferunt
597 2003 720 2053 Grai
746 2005 1011 2054 Pheneum
1035 2019 1196 2069 prope
1223 2004 1526 2067 Cylleneum

90 2100 110 2140 1
127 2099 147 2139 1
162 2101 190 2139 o
294 2092 489 2141 siccare
515 2094 709 2142 emulsa
734 2093 928 2157 pingue
953 2094 1143 2156 palude
1168 2094 1354 2153 solum,

222 2181 358 2243 quod
388 2181 650 2244 quondam
676 2182 840 2231 eaesis
863 2182 1052 2231 montis
1079 2181 1267 2231 fodisse
1292 2181 1533 2230 medullis

293 2269 436 2318 audit
460 2270 767 2334 falsiparens
791 2270 1297 2334 Amphitryoniades,

221 2365 452 2421 tempore
477 2374 580 2422 quo
609 2366 748 2407 certa
774 2358 1094 2421 Stymphalia
1118 2366 1349 2407 monstra
1375 2359 1564 2421 sagitta

290 2448 508 2509 perculit
531 2447 748 2511 imperio
774 2447 1040 2496 deterioris
1066 2448 1156 2507 eri,

90 2543 139 2583 11
161 2544 186 2582 5
219 2535 455 2598 pluribus
483 2544 538 2585 ut
564 2535 693 2585 caeli
719 2542 967 2584 tereretur
992 2535 1149 2584 ianua
1173 2535 1317 2595 divis,

288 2624 434 2672 Hebe
460 2638 556 2674 nec
585 2624 743 2687 longa
769 2624 1059 2686 virginitate
1084 2624 1234 2673 soret.
