1942 3000
762 175 943 213 LIBER
973 175 1065 213 111.
1558 170 1661 221 285

60 343 125 384 30
240 338 543 394 consumpta
569 339 664 391 est,
695 346 802 380 non
829 345 911 379 me
938 332 1153 379 crimina
1178 347 1335 394 parva
1357 340 1581 380 movent.

170 420 419 482 Tyndaris
447 426 658 467 externo
686 419 902 482 patriam
928 411 1144 467 mutiwit
1168 433 1359 479 amore,

240 515 289 555 et
312 508 424 554 sine
450 507 653 555 decreto
680 508 791 555 viva
817 507 1028 556 reducta
1053 509 1327 556 demumst.

170 595 282 659 ipsa
303 595 499 655 venusi,
532 596 761 658 quamvis
789 603 1033 659 corrupta
1058 596 1272 644 libidine
1298 597 1495 657 MartiS,

241 697 334 731 nec
357 684 527 732 minus
553 683 609 731 in
635 685 779 731 caelo
805 697 1008 746 semper
1032 684 1251 731 honesta
1275 684 1369 732 fuit

61 781 127 823 35
171 771 396 834 quamvis
421 772 515 820 Ida
539 772 711 834 palam
736 779 997 833 pastorem
1020 771 1157 819 dicat
1180 787 1380 820 amasse

240 867 393 922 atque
418 860 552 908 inter
576 860 801 923 pecudes
829 860 1132 908 accubuisse
1158 861 1320 909 deam.

168 949 268 997 hoc
294 954 345 995 et
369 948 768 1009 hamadryadum
795 949 1043 1010 spectavit
1067 950 1217 997 turba
1243 964 1479 998 sororum

241 1036 494 1097 Silenique
520 1049 668 1083 senes
698 1042 748 1083 et
773 1044 918 1099 pater
943 1037 1055 1100 ipse
1082 1038 1242 1097 chori,

171 1139 286 1172 cum
311 1123 497 1186 quibus
522 1123 677 1172 Idaeo
704 1125 876 1187 legisti
903 1141 1058 1188 poma
1084 1127 1178 1175 sub
1206 1135 1374 1187 antro,

53 1223 122 1264 40
237 1211 505 1274 supposita
530 1213 791 1275 excipiens
819 1214 970 1262 naica
996 1215 1134 1263 dona
1165 1230 1338 1263 manu.

167 1316 232 1349 an
260 1300 531 1363 quisquam
557 1300 611 1347 in
640 1308 783 1350 tanto
811 1310 1108 1364 stuprorum
1134 1304 1369 1351 examine
1395 1304 1595 1366 quaerit

239 1388 349 1435 ‘cur
373 1387 629 1436 haectam
655 1388 828 1437 dives?
865 1389 981 1451 quis
1008 1389 1183 1438 dedit?
1221 1391 1357 1439 unde
1381 1391 1582 1440 dedit?'

170 1492 200 1527 o
229 1476 443 1525 nimium
469 1482 648 1525 nostro
675 1477 878 1526 felicem
906 1460 1136 1541 tempore
1161 1479 1395 1540 Romam,

237 1567 279 1614 si
306 1572 488 1614 contra
510 1580 680 1614 mores
708 1582 812 1614 una
837 1569 1014 1630 puella
1036 1568 1188 1616 facit!

56 1665 124 1705 45
165 1655 296 1703 haec
320 1654 499 1702 eadem
523 1662 642 1702 ante
668 1654 813 1702 illam
836 1654 1033 1717 inpune
1060 1663 1110 1703 et
1133 1655 1321 1704 Lesbia
1345 1656 1495 1705 fecit:

242 1756 376 1806 quae
400 1743 648 1805 sequitur,
682 1749 819 1791 certe
847 1750 925 1791 est
950 1743 1202 1792 invidiosa
1227 1744 1413 1793 minus.

168 1833 259 1894 qui
286 1832 487 1894 quaerit
510 1831 687 1879 Tatios
714 1840 906 1880 veteres
933 1832 1193 1895 durosque
1220 1833 1460 1894 SabinOS,

240 1920 325 1969 hic
350 1920 526 1983 posuit
550 1927 729 1968 nostra
754 1935 921 1982 nuper
943 1920 999 1969 in
1026 1922 1153 1970 urbe
1177 1922 1376 1985 pedem.

168 2014 225 2056 tu
249 2008 391 2072 prius
419 2014 469 2055 et
492 2007 676 2055 fluctus
704 2008 896 2071 poteris
923 2010 1118 2058 siccare
1143 2010 1387 2071 marinoS,

59 2105 127 2145 50
242 2097 452 2157 altaque
477 2096 683 2144 mortali
709 2097 932 2159 deligere
958 2105 1098 2145 astra
1121 2113 1295 2159 manu,

170 2201 330 2250 quam
353 2188 523 2236 facere
551 2195 605 2236 ut
629 2193 839 2236 nostrae
862 2188 1035 2236 nolint
1061 2202 1274 2249 peccare
1300 2188 1520 2252 puellae.

243 2274 327 2323 hic
350 2291 462 2325 mos
491 2276 715 2326 Saturno
744 2291 903 2338 regna
929 2283 1135 2324 tenente
1159 2275 1273 2335 fuit,

170 2370 223 2413 et
249 2379 367 2412 cum
390 2365 727 2414 Deucalionis
754 2379 919 2427 aquae
946 2365 1141 2412 fluxere
1165 2379 1257 2428 per
1282 2366 1474 2423 orbem,

245 2460 296 2501 et
319 2461 439 2515 post
461 2454 699 2516 antiquas
725 2453 1061 2502 Deucalionis
1096 2469 1275 2517 aquas.

64 2548 132 2590 55
175 2539 261 2589 dic
285 2541 426 2600 mihi,
459 2541 573 2603 quis
600 2542 769 2604 potuit
790 2542 982 2589 lectum
1009 2556 1210 2590 servare
1235 2542 1495 2605 pudicum,

248 2642 381 2691 quae
407 2629 503 2677 dea
527 2644 645 2678 cum
672 2631 785 2679 solo
812 2630 979 2679 vivere
1005 2631 1119 2679 sola
1145 2630 1272 2679 deo?
