1942 3000
276 150 348 202 94
895 155 1154 194 cATULu

888 418 1155 468 Lxxnn.

279 576 476 626 Gellius
503 577 736 626 audierat
758 586 999 641 patruum
1025 577 1296 641 obiurgare
1321 578 1504 638 solere,

347 666 508 729 siquis
535 666 743 714 delicias
771 667 964 714 diceret
991 675 1080 714 aut
1104 665 1311 714 faceret.

276 755 375 802 hoc
402 768 467 803 ne
493 755 591 818 ipsi
619 755 891 814 accideret,
924 755 1091 817 patrui
1118 755 1415 818 perdepsuit
1438 754 1603 818 ipsam

346 857 560 892 uxorem
587 851 636 891 et
660 851 899 906 patruum
924 843 1140 892 reddidit
1165 844 1552 906 Harpocratem.

210 941 235 979 5
277 931 416 993 quod
442 931 604 980 voluit
630 931 780 980 fecit:
824 946 961 991 nam,
993 931 1222 994 quamvis
1249 932 1470 980 intumet
1494 932 1662 995 ipsum

348 1034 485 1068 nunc
510 1027 765 1083 patruum,
796 1021 1006 1068 verbum
1033 1034 1137 1068 non
1163 1020 1318 1068 faciet
1343 1028 1571 1082 patruus.

863 1206 1181 1213 ————-

886 1391 1152 1441 LXXVII.

276 1550 409 1600 Rufe
434 1552 557 1600 mihi
584 1552 774 1601 frustra
797 1567 859 1600 ac
886 1553 1202 1615 nequiquam
1227 1552 1416 1601 credite
1442 1551 1604 1600 amico

351 1640 600 1704 (frusta-a?
635 1641 789 1688 immo
815 1655 1005 1703 magno
1033 1655 1148 1688 cum
1175 1640 1339 1702 pretio
1366 1647 1519 1702 atque
1546 1638 1728 1702 malo),

276 1728 437 1778 sicine
463 1729 715 1792 subrepsti
741 1730 812 1776 mi
837 1737 994 1791 atque
1018 1727 1261 1775 intestina
1285 1741 1531 1791 perurens

348 1817 395 1865 ei
420 1817 606 1865 misero
635 1816 865 1879 eripuisti
895 1816 1070 1864 omnia
1098 1824 1271 1864 nostra
1300 1815 1472 1864 bona?

210 1915 236 1955 5
278 1904 523 1968 eripuisti,
554 1905 654 1953 heu
680 1905 779 1953 heu
804 1912 1013 1953 nostrae
1037 1903 1243 1952 crudele
1267 1918 1520 1952 venenum

344 1994 491 2052 vitae,
522 1992 624 2041 heu
648 1993 747 2041 heu
772 2000 982 2042 nostrae
1008 1992 1163 2055 pestis
1190 1992 1463 2041 amicitiae.

276 2083 365 2131 sed
391 2097 529 2131 nunc
553 2082 602 2128 id
629 2081 800 2141 doleo,
833 2082 971 2144 quod
999 2095 1158 2144 purae
1183 2096 1312 2144 pura
1336 2081 1538 2144 puellae
1610 2095 1821 2130 Lxxvm.
1847 2090 1870 2128 7

347 2171 488 2220 savia
511 2170 796 2219 conminxit
821 2185 1009 2233 spurca
1035 2170 1195 2219 saliva
1220 2180 1323 2219 tua.

275 2275 448 2308 verum
473 2259 525 2307 id
552 2273 656 2307 non
682 2258 877 2321 inpune
901 2258 1065 2308 feres:
1107 2274 1225 2307 nam
1251 2268 1301 2307 te
1328 2259 1502 2308 omnia
1526 2259 1697 2307 saecla

179 2358 235 2397 ¹0
347 2356 565 2397 noscent
597 2355 648 2396 et
671 2347 761 2410 qui
786 2347 854 2395 sis
881 2347 1020 2395 fama
1045 2348 1283 2410 loquetur
1308 2361 1454 2396 anuS.
