1942 3000
278 178 385 229 244
867 175 1186 217 raom-:mn

177 348 238 388 30
352 351 555 388 cessare
579 337 635 384 in
662 334 807 383 tectis
833 333 1044 398 pertulit
1065 347 1208 381 arma
1231 346 1342 380 sua.

281 426 477 475 viderat
501 425 589 474 ille
614 425 783 486 fugae,
815 423 1006 474 fractos
1031 422 1086 470 in
1111 421 1261 470 litore
1286 418 1530 477 Achivos,

353 515 547 564 fervere
573 520 624 562 et
647 512 903 561 Hectorea
925 510 1122 559 Dorica
1149 516 1316 558 castra
1340 507 1471 566 face,

278 604 473 651 viderat
496 601 771 650 informem
794 600 956 647 multa
981 598 1260 649 Patroclon
1286 610 1444 645 arena

354 697 644 754 porrectum
671 697 721 737 et
747 703 949 751 sparsas
977 686 1134 735 caede
1158 685 1326 734 iacere
1352 697 1544 741 comae,

180 789 241 829 35
284 779 458 829 omnia
481 777 763 827 formosam
781 785 1001 842 propter
1017 774 1251 825 Briseida
1274 785 1484 836 passus:

354 874 526 916 tantus
551 867 606 914 in
634 874 809 930 erepto
836 864 998 914 saevit
1023 876 1197 912 amore
1223 862 1390 911 dolor.

284 963 336 1004 at
361 964 634 1020 postquam
658 969 772 1004 sera
801 955 1003 1017 captiva
1029 959 1108 1001 est
1131 951 1324 1000 reddita
1347 963 1535 1015 poena,

354 1044 543 1092 fortem
565 1044 715 1091 illum
739 1042 1040 1091 Haemoniis
1066 1041 1288 1090 Hectora
1310 1039 1467 1088 traxit
1491 1037 1654 1100 equis,

285 1132 500 1181 inferior
521 1132 685 1181 multo
713 1145 832 1181 cum
855 1130 952 1178 sim
977 1130 1055 1178 vel
1080 1136 1241 1177 matre
1266 1127 1344 1177 vel
1371 1127 1544 1185 armis,

181 1230 244 1270 40
357 1220 560 1283 mirum,
591 1219 634 1269 si
662 1220 724 1269 de
749 1234 831 1268 me
855 1219 967 1267 iure
992 1218 1271 1281 triumphat
1292 1215 1493 1266 Amor?

872 1421 1190 1429 --———

946 1661 1115 1711 VIIII.

285 1841 389 1890 Iste
415 1840 554 1903 quod
581 1846 674 1898 est,
709 1853 806 1902 ego
833 1853 988 1901 saepe
1013 1836 1114 1886 fui:
1158 1836 1247 1885 sed
1283 1835 1390 1884 fors
1418 1845 1469 1885 et
1491 1837 1546 1885 in
1571 1837 1699 1886 hora

356 1929 457 1977 hoc
481 1928 597 1991 ipso
624 1927 786 1976 eiecto
813 1925 982 1974 carior
1007 1927 1137 1974 alter
1162 1925 1272 1974 erit.

287 2017 549 2079 Penelope
575 2022 776 2078 poterat
802 2013 878 2062 bis
904 2015 1066 2063 denos
1097 2014 1237 2062 salva
1263 2028 1354 2078 per
1379 2028 1544 2063 annos

358 2105 541 2163 vivere,
576 2110 682 2151 tam
704 2103 875 2151 multis
903 2102 1096 2152 femina
1122 2104 1279 2167 digna
1303 2103 1502 2167 procis:

224 2202 247 2240 5
289 2193 587 2255 coniugium
612 2191 747 2240 falsa
772 2199 974 2255 poterat
1000 2192 1206 2241 differre
1230 2193 1479 2250 Minerva,

359 2288 616 2329 nocturno
641 2281 845 2330 solvens
873 2287 1015 2330 texta
1040 2281 1225 2329 diurna
1249 2280 1395 2327 dolo:

287 2369 457 2417 visura
484 2376 534 2417 et
558 2369 788 2432 quamvis
816 2384 1098 2432 numquam
1125 2375 1352 2431 speraret
1376 2367 1581 2425 Ulixen,

357 2458 506 2506 illum
532 2457 854 2521 expectando
879 2456 1017 2505 facta
1041 2456 1284 2505 remansit
1308 2470 1455 2503 anus,

288 2559 385 2595 nec
412 2561 517 2594 non
544 2546 833 2595 exanimem
863 2545 1176 2608 amplectens
1202 2544 1392 2593 Briseis
1416 2544 1676 2593 Achillem

188 2641 247 2682 10
361 2635 579 2684 candida
603 2648 792 2686 vesana
817 2634 1049 2683 verberat
1073 2648 1165 2681 ora
1188 2647 1361 2694 manu,

8 2616 184 2976 Γ
