1942 3000
803 165 998 202 LIBER.
1584 162 1646 210 61

64 331 114 370 45
149 323 301 371 simul
326 323 442 385 ipsa
467 329 675 385 pectore
699 321 839 370 Attis
867 337 962 369 sua
986 322 1124 370 facta
1149 321 1382 381 recoluit,

150 412 454 475 liquidaque
479 418 650 459 mente
676 410 799 459 vidit
823 411 936 458 sine
962 410 1077 472 quis
1105 410 1298 472 ubique
1323 410 1475 468 foret,

149 502 323 549 animo
351 507 622 548 aestuante
647 515 823 548 rusum
849 499 1070 547 reditum
1094 500 1158 547 ad
1184 498 1315 547 vada
1340 498 1525 546 tetulit.

147 589 220 637 ibi
244 589 409 636 maria
433 595 577 635 vasta
602 587 771 636 visens
799 588 1189 636 lacrimantibus
1217 587 1400 645 oculis,

150 678 370 741 patriam
397 676 638 724 adlocuta
662 683 907 724 maestast
930 676 1002 725 ita
1029 690 1157 725 voce
1182 676 1448 724 miscriter.

56 774 111 814 50
149 766 335 830 ‘patria
362 779 393 813 o
419 764 521 812 mei
547 765 784 823 creatrix,
816 765 983 827 patria
1008 780 1039 812 o
1065 779 1179 813 mea
1203 765 1455 829 genetrix,

149 869 246 918 ego
275 868 433 916 quam
457 853 610 901 miser
637 854 953 916 relinquens,
987 853 1223 901 dominos
1248 861 1307 901 ut
1332 853 1560 915 erifugae

148 942 331 992 famuli
356 942 543 1000 solent,
575 942 640 990 ad
663 942 786 989 Idae
812 943 958 990 tetuli
984 956 1195 990 nemora
1221 943 1420 1005 pedem,

148 1039 209 1080 ut
232 1038 359 1094 aput
384 1030 550 1078 nivem
578 1037 629 1078 et
652 1030 877 1078 ferarum
903 1031 1074 1092 gelida
1098 1031 1302 1078 stabula
1327 1030 1490 1079 forem

149 1127 206 1169 et
231 1133 408 1167 earum
435 1119 608 1166 omnia
634 1119 826 1167 adirem
852 1119 1129 1167 furibunda
1154 1119 1390 1179 latibula,

49 1217 108 1257 55
148 1209 363 1257 ubinam
387 1217 477 1255 aut
503 1207 688 1269 quibus
715 1207 842 1255 locis
867 1215 920 1256 te
945 1209 1180 1270 positam,
1213 1207 1397 1270 patria,
1427 1206 1577 1255 reor?

151 1297 294 1360 cupit
317 1296 433 1358 ipsa
458 1297 654 1358 pupula
679 1296 744 1344 ad
769 1303 820 1344 te
845 1296 942 1345 sibi
968 1297 1188 1358 dirigere
1212 1296 1391 1355 aciem,

149 1384 294 1433 rabie
319 1385 429 1432 fera
455 1398 636 1432 carens
663 1384 785 1432 dum
812 1385 962 1433 breve
990 1393 1186 1447 tempus
1213 1384 1412 1432 animus
1440 1392 1533 1433 est.

150 1487 321 1537 egone
346 1488 377 1521 a
400 1487 515 1522 mea
540 1479 734 1522 remota
760 1473 886 1522 haec
912 1473 1084 1523 ferar
1070 1488 1124 1521 1n
1150 1487 1362 1522 nemora
1388 1473 1576 1521 domo?

148 1563 335 1627 patria,
364 1561 551 1646 bonis,2
566 1561 760 1648 afficis,
791 1563 1130 1638 genitoribus
1137 1562 1328 1610 abero?

43 1660 105 1701 60
149 1631 250 1700 abe
279 1666 309 1697 o
337 1650 470 1709 for0,
503 1651 773 1714 palaestra,
807 1652 973 1700 stadio
1002 1659 1056 1700 et
1079 1650 1392 1713 gymnasiis?

148 1739 308 1788 miser
332 1739 399 1787 ah
425 1739 595 1800 miser,
628 1739 946 1802 querendum
973 1747 1049 1788 est
1073 1740 1227 1788 etiam
1250 1747 1405 1803 atque
1432 1740 1603 1800 etiam,

366 1828 554 1876 anime.

148 1918 291 1981 quod
332 1917 469 1965 enim
508 1932 670 1981 genus
708 1918 980 1979 figuraest,
1026 1931 1124 1980 ego
1147 1931 1254 1965 non
1292 1917 1430 1980 quod
1456 1917 1647 1966 habue-

365 2007 463 2054 rim
474 2006 506 2053 P-

147 2110 249 2160 ego
270 2095 471 2155 mulier,
505 2109 601 2158 ego
616 2095 936 2154 adulescenS‚
970 2108 1069 2157 ego
1094 2095 1338 2157 ephebuS,
1372 2108 1468 2157 ego
1494 2109 1637 2157 puer.

148 2199 249 2247 ego
276 2184 511 2249 gymnasi
537 2184 613 2231 fui
640 2185 754 2242 fios,
788 2198 887 2247 ego
914 2198 1055 2232 eram
1079 2184 1233 2233 decus
1261 2184 1392 2233 olei:

43 2281 101 2322 65
143 2273 276 2321 mihi
300 2273 487 2321 ianuae
514 2273 825 2336 frequenteS,
856 2272 981 2320 mihi
1008 2273 1189 2321 limina
1212 2272 1403 2335 tepida,

143 2361 274 2410 mihi
299 2362 492 2410 floridis
521 2362 729 2410 corollis
756 2362 988 2410 redimita
1014 2362 1193 2410 domus
1221 2369 1344 2421 erat,

146 2443 492 2514 linquendum
516 2451 603 2499 ubi
632 2460 767 2499 esset
793 2459 905 2498 ort-o
931 2450 1059 2499 mihi
1085 2451 1195 2499 sole
1222 2451 1533 2500 cubiculum.

147 2553 250 2602 ego
276 2554 418 2587 nunc
444 2538 594 2586 deum
619 2538 853 2586 ministra
879 2544 929 2586 et
954 2537 1170 2601 Cybeles
1196 2538 1390 2586 famula
1414 2537 1586 2586 ferar?

148 2640 251 2689 ego
277 2639 506 2686 maenas,
540 2640 636 2688 ego
664 2626 763 2674 mei
791 2641 929 2689 pars,
963 2640 1061 2687 ego
1087 2626 1163 2686 vir
1188 2625 1374 2674 sterilis
1402 2625 1527 2673 ero?
