1942 3000
271 156 377 209 228
862 159 1189 198 PROPERTII

272 317 353 366 hic
380 332 561 365 manus
587 317 819 376 heroum,
851 316 1066 379 placidis
1093 322 1150 363 ut
1175 315 1404 364 constitit
1429 316 1551 376 oris,

343 406 523 455 mollia
547 406 821 469 conposita
845 406 1000 454 litora
1024 405 1208 453 fronde
1233 405 1378 466 tegit.

270 504 324 546 at
350 510 519 544 comes
544 495 729 543 Invicti
753 495 949 543 iuvenis
979 501 1303 558 processerat
1328 494 1462 542 ultra

341 599 511 632 raram
537 583 749 645 sepositi
778 595 1025 645 quaerere
1049 581 1211 630 fontis
1237 595 1442 644 aquam.

167 682 228 723 25
270 674 408 723 hunc
433 674 534 722 duo
562 672 740 721 sectati
765 672 967 731 fratreS‚
999 670 1286 734 Aquilonia
1310 670 1503 732 proleS,

338 763 478 811 hunc
503 777 658 826 super
683 769 732 810 et
756 762 922 820 ZeteS,
955 760 1096 824 hunc
1122 774 1278 823 super
1303 768 1352 808 et
1379 758 1570 819 CalaiS‚

270 853 450 901 oscula
474 850 736 914 suspensis
762 850 1027 897 instabant
1051 862 1261 911 carpere
1286 847 1489 911 palmis,

342 941 520 988 oscula
547 947 596 988 et
620 939 820 987 alterna
846 937 980 986 ferre
1005 938 1193 1000 supina
1217 936 1360 999 fuga.

268 1029 357 1077 ille
383 1029 477 1077 sub
505 1034 731 1075 extrema
757 1026 988 1089 pendens
1015 1025 1294 1073 secluditur
1316 1025 1417 1085 ala,

164 1124 225 1166 30
342 1125 392 1166 et
416 1117 649 1165 volucres
675 1129 819 1164 ramo
846 1116 1114 1163 submovet
1137 1114 1370 1163 insidias.

265 1205 369 1254 iam
393 1204 712 1253 Pandioniae
738 1203 893 1252 cessit
916 1216 1079 1266 genus
1109 1201 1404 1264 Orithyiae:

339 1294 406 1342 ah
434 1293 583 1342 dolor
608 1294 716 1342 ibat
739 1293 917 1355 Hyla8‚
949 1292 1075 1352 ibat,
1108 1289 1484 1353 hamadryasin.

268 1383 354 1431 hic
379 1389 488 1431 erat
510 1382 784 1444 Arganthi,
815 1382 1003 1443 Pegae,
1039 1382 1132 1429 sub
1158 1380 1346 1428 vertice
1371 1379 1562 1427 montis

336 1480 483 1536 grata
507 1472 690 1521 domus
716 1470 953 1535 nymphis
980 1470 1153 1519 umida
1177 1467 1483 1532 Thyniasin,

161 1569 224 1611 35
266 1578 421 1626 quam
448 1577 604 1625 supra
628 1563 804 1611 nullae
828 1560 1124 1625 pendebant
1151 1560 1324 1608 debita
1349 1573 1504 1609 cume

336 1649 539 1699 roscida
564 1651 777 1699 desertis
804 1665 959 1712 poma
985 1651 1080 1698 sub
1106 1649 1394 1708 arboribus,

266 1748 317 1788 et
344 1740 536 1787 circum
560 1739 769 1801 inriguo
797 1739 1079 1800 surgebant
1103 1738 1213 1787 lilia
1238 1745 1384 1801 prato

337 1827 554 1875 candida
580 1827 850 1889 purpureis
875 1825 1039 1874 mixta
1064 1827 1422 1889 papaveribus,

264 1930 397 1978 quae
424 1914 578 1963 modo
606 1914 886 1977 decerpens
913 1922 1092 1962 tenero
1119 1914 1383 1977 pueriliter
1408 1915 1571 1978 ungui
1620 1957 1624 1960 .

158 2013 221 2052 4ο
335 2003 601 2066 proposito
628 2003 809 2051 florem
832 2003 1075 2066 praetulit
1102 2002 1292 2063 officio,

263 2099 313 2140 et
340 2092 494 2139 modo
523 2091 761 2139 formosis
786 2092 1091 2141 incumbens
1118 2092 1325 2141 nescius
1352 2092 1504 2140 undis

336 2193 556 2228 errorem
583 2180 788 2228 blandis
812 2181 981 2229 tardat
1005 2180 1332 2244 imaginibus.

261 2268 467 2316 tandem
491 2268 697 2315 haurire
722 2276 870 2330 parat
894 2269 1126 2318 demissis
1154 2268 1365 2316 flumina
1399 2268 1581 2332 palmis

330 2355 542 2404 innixus
567 2355 748 2404 dextro
775 2357 931 2419 plena
954 2358 1162 2409 trahens
1189 2370 1388 2417 umer0‚

154 2450 218 2492 45
262 2443 405 2492 cuius
433 2451 490 2491 ut
516 2458 764 2492 accensae
790 2445 1005 2507 dryades
1033 2446 1256 2495 candore
1281 2447 1486 2510 puellae

329 2532 543 2580 miratae
570 2533 753 2581 solitos
781 2533 1057 2582 destituere
1083 2534 1287 2595 choi-OS,

257 2620 558 2683 prolapsum
583 2620 762 2670 leviter
787 2621 927 2670 facili
953 2630 1156 2671 traxere
1181 2622 1411 2686 liquore:
