1942 3000
340 153 409 202 78
932 154 1188 193 CATULLI

338 310 610 374 perfudere
635 325 818 359 manus
844 311 1071 359 fraterno
1098 310 1353 372 sanguine
1379 311 1581 369 frume,

211 408 308 450 400
338 400 533 449 destitit
558 400 811 448 extinctos
839 407 989 447 natus
1015 400 1193 462 lugere
1219 407 1472 462 parentes,

340 489 531 552 optavit
554 488 757 551 genitor
781 487 1023 550 primaevi
1048 488 1230 536 funera
1257 487 1380 546 nati,

337 579 465 626 liber
489 584 545 625 ut
567 577 815 639 innuptae
840 584 1105 639 poteretur
1133 576 1259 624 flore
1284 590 1552 634 novercae,

335 666 516 728 ignaro
544 672 706 713 mator
731 666 1061 714 substernens
1087 679 1142 712 se
1165 665 1310 728 inpia
1335 673 1457 714 nato

337 754 479 818 inpia
504 769 610 802 non
639 753 793 801 verita
819 761 895 801 est
919 753 1061 801 divos
1087 755 1337 802 scelerare
1361 761 1616 816 peremta,

210 852 308 892 405
340 843 513 892 omnia
537 841 694 890 sanda
719 841 942 890 nefanda
967 843 1105 890 malo
1132 843 1385 904 permixta
1409 843 1582 890 furore

339 931 611 979 iustificam
637 930 784 979 nobis
810 937 1034 978 mentem
1061 938 1286 978 avertere
1313 931 1541 979 deorum.

337 1034 496 1083 quare
520 1032 617 1067 nec
643 1018 759 1066 talis
785 1018 1063 1080 dignantur
1087 1019 1251 1066 visere
1287 1027 1481 1078 coetus,

337 1123 434 1157 nee
460 1122 515 1156 se
540 1106 770 1168 contingi
799 1106 1066 1168 patiuntur
1090 1106 1283 1155 lumine
1311 1108 1470 1155 claro,

976 1478 1139 1528 LXV.

335 1639 446 1688 Etsi
471 1653 553 1687 me
577 1640 788 1687 adsiduo
817 1639 1111 1689 confectum
1138 1654 1262 1687 cura
1286 1639 1466 1686 dolore

409 1735 614 1777 sevocat
639 1744 670 1776 a
694 1728 874 1787 doetiS,
910 1727 1104 1786 Ortale,
1137 1727 1437 1789 virginibuS,

340 1831 435 1865 nec
461 1816 596 1879 potis
625 1825 700 1865 est
727 1814 889 1863 duleis
917 1829 1178 1862 musarum
1205 1829 1505 1877 expromere
1531 1814 1665 1863 fetus

410 1920 554 1953 mens
579 1905 736 1953 animi
765 1903 943 1966 (tantis
970 1902 1184 1950 fluctuat
1211 1903 1325 1965 ipsa
1350 1903 1528 1952 malis:

283 2005 307 2042 5
340 2008 562 2056 namque
587 1993 686 2041 mei
715 2006 877 2055 nuper
900 1991 1129 2039 Lethaeo
1156 1992 1358 2054 gurgite
1382 1991 1551 2039 fratris

409 2081 712 2145 pallidulum
738 2095 953 2129 manans
983 2080 1144 2128 adluit
1169 2081 1305 2128 unda
1330 2081 1528 2143 pedem,

336 2170 493 2218 Troia
517 2170 747 2218 Rhoeteo
776 2184 929 2232 quem
954 2170 1129 2217 subter
1152 2168 1303 2217 litore
1336 2170 1487 2218 tellus

283 2266 307 2306 8
411 2267 641 2321 ereptum
666 2258 854 2307 nostris
882 2258 1069 2306 obterit
1094 2272 1159 2306 ex
1185 2258 1367 2307 oculis.

339 2355 394 2395 tu
420 2361 535 2395 mea
558 2355 615 2395 tu
638 2346 860 2395 moriens
889 2347 1087 2409 fregisti
1114 2348 1399 2405 commoda,
1430 2346 1604 2406 frater,

410 2444 580 2485 tecum
604 2451 708 2484 una
732 2443 841 2484 tota
867 2444 945 2484 est
971 2443 1148 2486 nostra
1173 2437 1374 2498 sepulta
1400 2436 1600 2494 domne,

339 2525 514 2573 omnia
539 2532 709 2573 tecum
737 2540 839 2573 una
862 2524 1123 2587 perierunt
1145 2525 1336 2587 gaudia
1359 2533 1556 2578 nostra,

415 2628 547 2675 quae
573 2623 691 2662 tuus
718 2613 770 2661 in
796 2613 897 2662 vita
925 2614 1091 2662 duleis
1116 2614 1291 2662 alebat
1314 2629 1473 2664 amor.
