1942 3000
842 158 1035 196 unna.
1593 155 1658 205 71

204 328 436 377 namque
459 314 632 362 ferunt
658 315 798 373 olim,
831 324 1004 363 castae
1029 329 1146 362 cum
1171 315 1375 363 moenia
1400 314 1547 362 divae

208 403 533 465 linquentem
559 410 771 464 gnatum
795 403 958 452 ventis
986 403 1316 451 concrederet
1340 405 1564 465 Aegeus,

206 491 340 539 talia
362 491 673 553 conplexum
699 491 870 539 iuveni
896 491 1140 539 mandata
1164 491 1377 539 dedisse.

72 589 99 628 2
115 588 180 628 15
207 581 388 642 ‘gnate
413 578 538 626 mihi
567 579 726 640 longa
751 580 1024 628 iucundior
1048 580 1201 627 unice
1227 580 1347 633 vita,

209 677 386 730 gnate,
420 681 517 728 ego
545 682 696 729 quem
723 668 775 714 in
804 667 989 716 dubios
1015 682 1177 729 cogor
1202 668 1450 715 dimittere
1474 682 1643 725 casus,

212 756 409 804 reddite
434 756 487 802 in
516 764 743 803 extrema
770 770 934 818 nuper
957 756 1078 803 mihi
1107 758 1208 804 fine
1232 764 1486 815 senectae,

210 843 630 907 quandoquidem
656 844 865 892 fortuna
890 858 1004 892 mea
1032 858 1092 891 ac
1119 854 1207 892 tua
1231 844 1424 892 fervida
1448 844 1605 892 virtus

210 933 364 995 eripit
388 933 548 980 invito
572 932 694 980 mihi
721 941 788 989 te,
822 933 905 980 cui
930 933 1176 995 languida
1201 932 1432 980 nondum

74 1030 179 1071 220
211 1021 417 1069 lumina
442 1029 563 1069 sunt
586 1022 728 1083 gnati
756 1035 875 1068 cara
900 1029 1128 1069 satin-ma
1154 1023 1335 1082 figura,

207 1124 320 1158 non
349 1124 447 1171 ego
474 1118 524 1157 te
549 1109 776 1171 gaudens
802 1110 1014 1158 laetanti
1041 1118 1249 1171 pectore
1273 1109 1486 1167 mittam,

207 1212 310 1246 nec
335 1206 387 1245 te
411 1198 543 1245 ferre
567 1197 733 1246 sinam
759 1198 995 1245 fortunae
1020 1198 1172 1259 signa
1196 1197 1468 1255 secundae,

207 1286 300 1335 sed
328 1286 548 1348 primum
572 1286 759 1334 multas
788 1299 1083 1348 expromam
1109 1294 1280 1333 mente
1306 1285 1578 1347 querellas,

211 1374 456 1422 canitiem
482 1383 618 1422 terra
644 1382 799 1436 atque
825 1373 998 1422 infuso
1026 1375 1235 1437 pulvere
1261 1373 1493 1430 foedam,

71 1473 177 1513 ‘225
209 1462 335 1512 inde
361 1462 550 1512 infecta
576 1477 705 1525 vago
734 1463 1045 1526 suspendam
1070 1462 1229 1511 lintea
1255 1462 1410 1520 malo,

209 1559 421 1601 nostros
451 1560 506 1599 ut
529 1551 698 1599 luctus
726 1561 1038 1613 nostraeque
1061 1551 1300 1599 incendia
1324 1551 1509 1599 mentis

212 1640 461 1689 carbasus
488 1641 763 1689 obscurata
789 1640 934 1688 decet
960 1640 1223 1703 ferrugine
1248 1639 1457 1687 Hibera.

211 1727 355 1791 quod
382 1728 472 1777 tibi
501 1729 546 1777 si
571 1729 736 1777 sancti
766 1729 1076 1777 concesserit
1101 1728 1276 1775 incola
1299 1727 1455 1786 Itoni,

210 1831 347 1880 quae
372 1825 607 1866 nostrum
632 1831 794 1878 genus
821 1831 882 1865 ac
909 1818 1055 1864 sedes
1082 1816 1357 1863 defendere
1381 1814 1656 1863 Erechthei

77 1914 180 1955 230
211 1905 412 1964 adnuit,
445 1913 501 1952 ut
526 1906 655 1953 tauri
682 1919 951 1967 respergas
977 1904 1229 1966 sanguine
1254 1904 1501 1962 dextram,

210 2006 324 2041 tum
351 2007 471 2040 vero
496 1994 656 2042 facito
682 2002 739 2041 ut
763 1994 976 2042 memori
1003 1994 1095 2041 tibi
1124 1992 1332 2040 condita
1358 1991 1511 2040 corde

211 2082 342 2129 haec
368 2082 574 2143 vigeant
597 2082 856 2140 mandata,
889 2095 986 2129 nec
1011 2082 1119 2128 ulla
1145 2081 1406 2128 oblitteret
1428 2087 1585 2136 aetas»,

215 2178 272 2217 ut
299 2169 451 2218 simul
475 2184 536 2219 ac
561 2181 768 2219 nostros
794 2170 1019 2217 invisent
1043 2168 1240 2216 lumina
1265 2168 1433 2226 collis,

211 2259 473 2306 funestam
497 2269 753 2306 antennae
781 2258 1044 2320 deponant
1071 2256 1298 2318 undique
1323 2265 1527 2314 vestem,

74 2357 180 2397 235
213 2345 536 2408 candidaque
561 2346 741 2394 intorti
767 2346 1044 2394 sustollant
1069 2345 1184 2392 vela
1209 2344 1467 2402 rudentes,

212 2449 369 2498 quam
397 2433 614 2496 primum
643 2449 858 2483 cernens
884 2443 942 2482 ut
967 2435 1103 2482 laeta
1129 2433 1317 2495 gaudia
1341 2439 1511 2480 mente

213 2536 514 2586 agnoscam,
549 2537 665 2570 cum
690 2531 740 2569 te
766 2522 1005 2570 reducem
1030 2529 1170 2569 aetas
1197 2534 1446 2583 prospera
1471 2520 1654 2566 sistet.'

214 2612 346 2660 haec
371 2610 613 2658 mandata
639 2610 780 2672 prius
809 2610 1065 2658 constanti
1093 2616 1262 2656 mente
1287 2615 1548 2656 tenentem
