1942 3000
805 178 984 215 usna
1016 178 1057 216 1.
1579 168 1681 225 117

183 348 341 397 parva
367 346 514 396 seges
542 333 665 381 satis
693 342 786 393 est,
819 334 942 383 satis
969 341 1063 394 est,
1095 335 1419 397 requiescere
1444 336 1579 384 lecto

256 421 301 468 si
327 421 449 468 licet
474 429 523 469 et
547 421 699 470 solito
726 423 954 470 membra
979 422 1149 471 levare
1175 431 1308 471 toro,

79 515 141 558 45
184 524 340 571 quam
366 509 505 557 iuvat
529 510 734 557 inmites
762 519 941 558 ventos
967 511 1146 558 audire
1175 512 1448 559 cubantem

257 605 307 645 et
331 596 593 645 dominam
618 606 797 646 tenero
824 598 1105 648 detinuisse
1129 600 1247 647 sinu

182 694 290 746 aut,
322 687 516 748 gelidas
543 687 785 735 hibernus
812 703 973 750 aquas
1002 703 1119 736 cum
1145 688 1336 736 fuderit
1360 697 1549 748 auster,

257 787 495 821 securum
518 788 728 823 somnos
755 774 918 823 imbre
946 775 1152 823 iuvante
1177 776 1323 838 sequi
1344 776 1356 823 Ξ

184 862 285 909 hoc
309 861 433 909 mihi
462 863 763 924 contingat:
805 864 871 912 sit
896 864 1034 911 dives
1060 864 1189 923 iure,
1221 864 1449 913 furorem

78 960 140 1000 50
259 952 347 1013 qui
373 953 529 1000 maris
561 961 611 1001 et
637 953 805 1001 tristes
833 954 968 1002 ferre
994 961 1163 1016 potest
1187 953 1407 1016 pluvias.

184 1056 215 1090 o
245 1050 496 1104 quantum
521 1050 598 1091 est
623 1042 734 1091 auri
760 1050 937 1105 pereat
961 1042 1239 1106 potiusque
1263 1042 1541 1104 smaragdi,

258 1145 414 1192 quam
439 1130 558 1178 fleat
583 1131 648 1179 ob
677 1139 877 1179 nostras
904 1132 1015 1179 ulla
1040 1131 1215 1194 puella
1241 1131 1367 1179 vias.

183 1227 236 1266 te
263 1219 458 1267 bellare
483 1218 628 1267 decet
652 1226 803 1279 terra,
834 1220 1098 1278 Messalla,
1131 1220 1380 1282 marique,

258 1315 316 1355 ut
340 1307 520 1356 domus
547 1308 758 1357 hostiles
785 1309 1043 1371 praeferat
1070 1309 1310 1357 exuvias:

74 1405 139 1447 55
170 1410 258 1444 me
282 1396 504 1444 retinent
529 1397 755 1445 vinctum
781 1398 1042 1445 formosae
1068 1397 1236 1445 vincla
1263 1397 1486 1460 puellae,

261 1491 311 1533 et
338 1484 491 1534 sedeo
518 1485 672 1534 duras
697 1485 889 1534 ianitor
914 1493 1035 1534 ante
1060 1486 1216 1534 fores.

183 1587 296 1621 non
323 1587 417 1635 ege
440 1574 641 1622 laudari
667 1589 811 1634 curo,
842 1589 959 1622 mea
983 1575 1166 1623 Delia:
1209 1582 1379 1623 tecum

260 1661 381 1709 dum
406 1662 560 1709 modo
588 1662 703 1722 sim,
736 1677 929 1725 quaeso
956 1663 1132 1725 segnis
1159 1663 1403 1724 inersque
1427 1677 1598 1712 vocer.

184 1759 238 1799 te
264 1760 507 1813 spectem,
540 1765 779 1814 suprema
803 1752 929 1799 mihi
956 1767 1073 1799 cum
1099 1751 1296 1799 venerit
1320 1752 1464 1811 hora,

73 1849 140 1890 60
257 1846 308 1888 te
334 1848 536 1887 teneam
560 1839 786 1887 moriens
813 1840 1083 1888 deficiente
1108 1854 1282 1887 manu.

184 1928 334 1977 flebis
362 1935 411 1976 et
434 1943 619 1976 arsuro
646 1928 873 1992 positum
896 1943 996 1986 me,
1028 1928 1196 1987 Delia,
1229 1928 1383 1988 lect0,

257 2015 484 2064 tristibus
513 2022 563 2062 et
587 2015 812 2064 lacrimis
841 2016 1022 2063 oscula
1047 2015 1207 2062 mixta
1231 2015 1394 2064 dabis.

184 2105 364 2153 flebis:
405 2119 510 2152 non
537 2112 626 2152 tua
651 2113 771 2153 sunt
794 2105 922 2152 duro
950 2104 1251 2167 praecordia
1278 2105 1414 2152 ferro

258 2194 445 2252 vincta,
480 2207 648 2255 neque
671 2194 726 2241 in
755 2201 933 2242 tenero
959 2201 1063 2241 stat
1087 2193 1176 2242 tibi
1204 2193 1359 2241 corde
1387 2192 1535 2241 silex.

72 2293 142 2335 65
186 2284 280 2331 illo
307 2297 415 2331 non
439 2283 641 2330 iuvenis
669 2282 857 2345 poterit
882 2283 944 2330 de
971 2283 1154 2330 funere
1180 2282 1455 2344 quisquam

258 2372 470 2431 lumina,
503 2386 611 2419 non
636 2371 798 2433 virge,
830 2371 968 2419 sicca
995 2371 1186 2419 referre
1211 2371 1436 2418 domum.

185 2469 295 2509 tum
320 2474 498 2508 manes
526 2474 593 2508 ne
619 2460 765 2508 laede
788 2473 950 2519 mem,
985 2460 1074 2508 sed
1103 2473 1257 2522 parce
1283 2459 1467 2507 solutis

257 2549 484 2598 crinibus
512 2556 562 2596 et
587 2548 796 2608 teneris,
827 2548 1000 2608 Delia,
1032 2563 1186 2612 parce
1213 2548 1375 2610 genis.

182 2639 400 2696 interea,
433 2638 554 2686 dum
579 2637 689 2686 fata
713 2637 904 2697 sinunt,
935 2638 1210 2701 iungamus
1237 2650 1468 2685 amores:
