1942 3000
314 164 384 212 62
930 168 1187 207 CATULLI

212 331 272 371 70
316 336 411 385 ego
438 322 609 371 viridis
635 323 808 385 algida
830 324 952 372 Idae
979 326 1094 373 nive
1119 326 1306 374 amicta
1331 327 1448 375 loca
1475 327 1677 375 colam?

315 426 410 474 ego
434 411 590 459 vitam
614 427 765 473 agam
793 414 887 461 sub
915 414 1034 461 altis
1062 414 1314 477 Phrygiae
1341 416 1705 476 columinibuS,

303 480 401 547 ‘ubi
429 513 577 548 cerva
601 501 922 561 silvicultrix,
954 503 1043 550 ubi
1071 517 1194 565 aper
1221 504 1615 567 nemorivagus?
1645 534 1651 541 ·

312 588 416 636 iam
439 589 542 637 iam
567 589 709 637 dolet
733 591 872 651 quod
899 591 1000 653 egi,
1032 591 1134 638 iam
1158 592 1364 654 iamque
1390 594 1657 656 paenitet.'

312 678 474 726 roseis
501 688 557 726 ut
582 680 700 727 huie
729 679 931 727 labellis
959 681 1160 728 sonitus
1187 681 1313 729 abiit
1339 683 1475 731 celer

210 774 269 814 75
312 766 542 829 geminas
568 768 740 814 matiis
766 769 830 815 ad
856 783 1005 817 aures
1034 784 1169 817 nova
1194 770 1376 817 nuntia.
1402 770 1646 831 referens,

309 855 378 903 ibi
406 856 583 905 iuncta
607 857 728 919 iuga
754 858 1014 905 resolvens
1043 856 1233 919 Cybele
1258 859 1495 907 leonibus

311 944 611 1007 laevumque
641 946 843 1007 pecoris
870 945 1071 993 hostem
1099 946 1370 995 stimulans
1397 948 1469 995 ita
1493 949 1739 1011 loquitur.

308 1032 561 1095 ‘agedum’
585 1033 754 1096 inquit
778 1034 891 1096 ‘age
917 1035 1066 1082 ferox
1092 1035 1127 1094 i,
1159 1036 1273 1084 face
1296 1044 1354 1083 ut
1377 1036 1516 1084 hune
1541 1037 1686 1085 furor

521 1122 697 1184 agitet,

307 1210 421 1259 face
445 1211 520 1259 uti
547 1212 734 1260 furoris
761 1213 866 1261 ictu
893 1213 1111 1261 reditum
1136 1213 1188 1261 in
1215 1228 1427 1263 nemora
1453 1215 1597 1274 ferat,

204 1307 266 1347 80
306 1315 421 1349 mea
446 1301 606 1349 libere
631 1302 780 1349 nimis
809 1302 897 1363 qui
923 1304 1102 1364 fugere
1126 1304 1342 1367 imperia
1369 1305 1525 1367 cupit.

306 1402 402 1449 age
429 1389 583 1436 caede
609 1397 753 1452 terga
779 1391 956 1450 cauda,
991 1399 1078 1439 tua
1103 1393 1313 1440 verbera
1339 1400 1530 1455 patere,

305 1478 419 1526 face
445 1484 631 1526 cuneta
655 1479 903 1542 mugienti
927 1480 1133 1529 fremitu
1158 1481 1277 1529 loca
1300 1487 1553 1541 retenent,

306 1567 512 1614 rutilam
538 1567 685 1616 ferox
712 1576 887 1616 torosa
912 1570 1108 1617 cervice
1134 1578 1288 1632 quate
1313 1571 1526 1618 iubam?

305 1655 377 1702 ait
401 1655 527 1703 haec
553 1655 730 1703 minax
756 1655 962 1716 Cybebe
988 1657 1276 1718 religatque
1302 1658 1424 1718 iuga
1448 1672 1621 1705 manu.

201 1751 263 1791 85
304 1744 442 1792 ferus
468 1743 580 1805 ipse
605 1757 719 1791 sese
743 1744 1021 1796 adhortans
1049 1745 1283 1806 rapidum
1307 1745 1490 1793 incitat
1513 1746 1706 1806 anim0,

303 1832 457 1891 vadit,
491 1833 677 1890 fremit,
712 1831 945 1894 refringit
970 1832 1189 1894 virgulta
1213 1834 1343 1896 pede
1369 1847 1518 1896 vago.

302 1928 355 1968 at
381 1920 469 1967 ubi
498 1921 668 1968 umida
694 1920 964 1968 albicantis
993 1921 1110 1969 loca
1134 1921 1298 1970 litoris
1325 1923 1466 1982 adiit,

302 2017 633 2072 teneramque
659 2010 781 2057 vidit
804 2010 952 2058 Attin
979 2026 1140 2074 prope
1164 2027 1419 2060 marmora
1438 2013 1632 2075 pelagi,

302 2098 426 2146 facit
450 2098 723 2161 impetum:
756 2099 847 2147 illa
873 2099 1080 2147 demens
1105 2100 1239 2163 fugit
1263 2101 1316 2148 in
1343 2115 1555 2149 nemora
1578 2102 1717 2151 fera:

198 2195 261 2236 9ο
301 2187 372 2235 ibi
399 2202 600 2250 semper
625 2202 776 2237 omne
803 2189 934 2236 vitae
959 2189 1180 2251 spatium
1206 2190 1400 2238 famula
1425 2190 1539 2238 fuit.

302 2277 412 2336 dea,
444 2292 634 2339 magna
657 2277 768 2337 dea,
803 2277 1024 2341 Cybebe,
1058 2279 1168 2339 dea,
1200 2279 1408 2327 domina
1432 2280 1694 2343 Dindymi,

301 2366 480 2428 procul
507 2380 538 2412 a
562 2381 676 2414 mea
700 2374 816 2415 tuus
842 2368 908 2415 sit
933 2368 1076 2415 furor
1103 2368 1285 2428 omme,
1319 2383 1421 2428 era,
1456 2369 1639 2418 domo:

300 2453 437 2502 alios·
455 2469 553 2518 age
576 2455 838 2516 incitatOS,
870 2456 1001 2505 alios
1027 2471 1124 2520 age
1148 2458 1371 2506 rabidOS.
