1942 3000
810 185 988 223 ussa
1017 172 1082 223 1‘1.
1591 180 1697 231 15⁹

915 519 981 567 V.

204 697 427 757 Phoebe,
460 697 601 745 fave:
634 697 1094 759 novusingreditur
1117 705 1206 745 tua
1219 698 1411 760 templa
1424 697 1691 746 sacerdos:

277 786 377 833 huc
401 800 499 848 age
524 799 641 833 cum
667 785 865 833 cithara
889 785 1304 847 carminibusque
1329 785 1462 834 veni.

206 888 341 922 nunc
366 881 417 921 te
442 873 645 921 vocales
670 871 921 935 inpellere
945 873 1135 935 pollice
1162 873 1396 933 chordas,

277 976 415 1010 nune
440 974 624 1024 precor
647 960 710 1008 ad
737 961 917 1009 laudes
942 961 1146 1018 flectere
1169 962 1324 1009 verba
1348 975 1480 1010 mea.

138 1060 163 1098 5
206 1050 317 1113 ipse
340 1049 638 1112 triumphali
666 1049 930 1097 devinctus
957 1057 1193 1113 tempora
1218 1051 1384 1110 lauro,

276 1137 399 1185 dum
424 1137 688 1186 cumulant
710 1152 845 1196 arae,
877 1138 941 1185 ad
969 1147 1059 1185 tua
1082 1152 1227 1186 sacra
1251 1138 1385 1186 veni.

207 1226 292 1274 sed
321 1226 511 1274 nitidus
538 1226 853 1289 pulcherque
880 1227 1019 1275 veni:
1062 1242 1202 1275 nunc
1227 1227 1382 1275 indue
1405 1235 1597 1276 vestem

277 1313 574 1377 sepositam,
605 1313 789 1376 longas
816 1328 956 1362 nunc
982 1316 1113 1363 bene
1137 1323 1284 1377 pecte
1309 1329 1502 1374 comas,

207 1403 413 1465 qualem
436 1411 487 1450 te
513 1410 797 1451 memorant
822 1402 1048 1452 Saturno
1073 1417 1194 1466 rege
1219 1404 1399 1466 fugato

106 1503 163 1542 ιο
277 1491 457 1541 victori
482 1491 661 1541 laudes
688 1491 1016 1541 concinuisse
1039 1492 1167 1542 Iovi.

206 1590 263 1630 tu
289 1582 468 1645 procul
494 1589 737 1630 eventura
759 1582 917 1641 vides,
944 1582 1040 1631 tibi
1065 1582 1264 1631 deditus
1290 1597 1458 1645 augur

276 1669 373 1719 scit
398 1671 529 1719 bene
557 1670 678 1732 quid
704 1670 795 1718 fati
820 1671 1032 1734 provida
1057 1679 1230 1720 cantet
1253 1671 1378 1731 avis,

205 1770 364 1822 tuque
390 1759 525 1822 regis
549 1768 731 1820 sortes,
762 1775 854 1822 per
876 1773 926 1808 te
952 1761 1235 1823 praesentit
1259 1775 1500 1823 aruspex,

277 1848 474 1897 lubrica
499 1848 720 1910 signavit
745 1863 862 1896 cum
887 1849 1013 1896 deus
1040 1858 1159 1897 exta
1186 1849 1353 1897 notis:

100 1947 161 1987 15
204 1947 255 1987 te
283 1939 413 1986 duce
437 1937 700 1986 Romanos
726 1953 1009 2000 numquam
1034 1938 1278 1987 frustrata
1303 1937 1502 2000 Sibylla

275 2026 449 2074 abdita
474 2039 607 2087 quae
632 2025 771 2073 senis
796 2026 903 2074 fata
927 2026 1067 2075 canit
1089 2027 1333 2089 pedibus!

204 2115 431 2175 Phoebe,
463 2130 633 2163 sacras
659 2115 998 2163 Messalinum
1021 2115 1135 2164 sine
1158 2123 1372 2178 tangere
1397 2115 1598 2163 chartas

277 2203 425 2262 vatis,
458 2210 508 2251 et
533 2203 644 2266 ipse
668 2217 852 2266 precor
876 2204 999 2266 quid
1026 2212 1180 2253 canat
1205 2204 1298 2252 illa
1320 2204 1466 2252 doce.

147 2309 154 2313 ·
203 2291 334 2340 haec
361 2291 500 2339 dedit
522 2292 733 2340 Aeneae
759 2300 941 2352 θοι-ωε,
976 2300 1251 2355 postquam
1275 2292 1365 2340 ille
1390 2300 1656 2355 parentem

97 2389 161 2428 20
278 2380 468 2429 dicitur
489 2388 540 2428 et
563 2388 738 2443 raptos
767 2381 1074 2429 sustinuisse
1098 2382 1249 2430 lares.

207 2469 332 2533 (nec
357 2469 470 2517 fore
495 2470 735 2518 credebat
760 2469 996 2530 Romam,
1029 2485 1147 2519 cum
1170 2478 1394 2518 maestus
1419 2471 1485 2518 ab
1512 2470 1622 2518 alto

276 2558 415 2607 Ilion
439 2557 672 2607 ardentes
698 2559 1075 2622 respiceretque
1103 2559 1245 2608 deos.

204 2646 459 2695 Romulus
484 2654 723 2696 aeternae
750 2649 979 2696 nondum
1005 2648 1291 2708 firmaverat
1317 2647 1455 2695 urbis
