1942 3000
303 205 407 254 372
713 206 1036 247 Paornnrn
1069 191 1250 244 unm<
1281 207 1341 243 v.

303 372 354 412 et
374 364 548 426 siquid
576 362 827 411 doliturus
856 363 976 422 orie,
1009 361 1120 412 sine
1146 363 1361 411 test-ibus
1387 362 1520 410 illis:

207 462 270 502 80
373 468 491 501 eum
515 452 737 512 venient,
769 451 918 499 siccis
947 452 1127 499 oscula
1152 451 1276 499 falle
1300 451 1464 514 genis,

302 549 382 589 sat
406 541 500 590 tibi
528 540 632 588 sint
657 547 839 588 noctes
867 553 997 601 quas
1024 539 1087 587 de
1110 553 1210 598 me,
1241 539 1441 598 Paulle‚
1471 537 1680 601 fatigeS,
1720 565 1725 570 ·

375 629 679 692 somniaque
702 628 756 676 iu
783 627 969 676 faeiem
995 627 1185 675 credita
1211 640 1365 689 saepe
1389 640 1581 675 meam:

305 724 459 779 atque
485 716 573 765 ubi
601 723 800 765 secreto
827 723 1005 764 nostra
1028 714 1093 762 ad
1119 714 1394 762 simulacra
1418 714 1664 777 loqueris,

375 814 433 853 ut
455 820 800 869 responsurae
825 805 1031 867 singula
1053 804 1208 852 verba
1232 803 1361 851 iace.

207 903 270 944 85
305 910 398 943 seu
424 903 595 943 tamen
621 895 889 943 adversum
913 892 1122 940 mutarit
1144 892 1302 941 ianua
1326 892 1531 952 lectum,

374 983 560 1032 sederit
585 990 634 1031 et
660 989 838 1031 nostro
866 987 1018 1028 cauta
1042 994 1263 1028 noverea
1286 987 1420 1039 tore,

306 1072 621 1134 coniugium,
655 1071 816 1134 pueri,
849 1070 1056 1118 laudate
1082 1076 1132 1117 et
1155 1069 1283 1118 ferte
1308 1076 1606 1132 paternum:

376 1166 528 1221 capta
551 1158 697 1207 dabit
720 1158 898 1206 vestris
924 1157 1154 1206 moribus
1179 1157 1272 1205 illa
1295 1170 1496 1205 manus„

303 1262 398 1296 nec
424 1255 637 1295 matrem
661 1247 867 1295 laudate
891 1246 1071 1298 nimis:
1116 1247 1323 1295 conlata
1348 1245 1509 1309 priori

209 1343 273 1383 90
376 1343 535 1385 vertet
556 1336 613 1383 in
642 1335 862 1383 offensas
889 1334 1055 1383 libera
1078 1336 1231 1383 verba
1256 1348 1393 1382 suas,

305 1439 398 1473 seu
425 1438 622 1472 memor
647 1425 735 1472 ille
760 1437 874 1472 mea
900 1429 1172 1471 contentus
1197 1422 1440 1471 manserit
1463 1422 1646 1470 umbra

374 1520 424 1562 et
449 1513 577 1561 tanti
605 1513 801 1562 eineres
829 1513 1034 1561 duxerit
1059 1526 1171 1561 esse
1195 1527 1357 1571 mem,

308 1601 488 1650 discite
514 1608 778 1649 venturam
802 1601 906 1648 iam
932 1616 1072 1649 nunc
1097 1601 1259 1648 lenire
1284 1607 1552 1658 senectam,

379 1688 591 1736 caelibis
619 1688 682 1734 ad
709 1703 858 1736 curas
883 1702 982 1736 nec
1006 1696 1151 1736 vacet
1177 1689 1284 1736 ulla
1311 1689 1406 1736 via.

210 1784 272 1824 95
305 1776 443 1838 quod
466 1776 591 1823 mihi
612 1775 894 1823 detractum
908 1783 1002 1836 est,
1023 1783 1220 1824 vestros
1237 1777 1446 1825 accedat
1469 1775 1536 1823 ad
1561 1788 1747 1822 anuosx

377 1863 524 1925 prole
550 1877 664 1910 mea
692 1863 1033 1911 Paullum‘sic
1060 1864 1198 1912 iuvet
1223 1878 1336 1912 esse
1366 1877 1556 1915 senem.

305 1959 354 1999 et
380 1952 511 1999 bene
538 1952 720 1998 habet:
764 1966 1047 2013 numquam
1070 1959 1232 2000 mater
1256 1952 1494 2015 lugubria
1518 1952 1736 2014 sumpsi:

379 2040 516 2089 venit
542 2040 597 2088 iu
626 2040 872 2102 exequias
899 2047 1009 2089 tota
1035 2049 1236 2090 caterva
1260 2056 1420 2090 meas·

305 2142 461 2175 causa
488 2133 730 2190 perorata
757 2133 847 2174 est.
927 2127 1106 2175 flentes
1133 2143 1215 2176 me
1239 2129 1451 2190 surgite,
1483 2135 1656 2187 testes,

181 2224 274 2263 100
357 2201 500 2263 'dum
524 2216 743 2279 pretium
769 2215 904 2263 vitae
928 2223 1074 2278 grata
1099 2217 1332 2279 rependit
1356 2217 1561 2266 humus.

312 2304 540 2352 moribus
570 2311 619 2351 et
645 2304 847 2352 caelum
872 2305 1065 2366 patuit:
1109 2304 1206 2352 sim
1232 2305 1389 2367 digna
1413 2306 1675 2364 merendo,

379 2391 523 2439 cuius
551 2391 818 2440 honoratis
846 2405 965 2439 ossa
990 2393 1239 2441 vehantur
1261 2393 1384 2441 avis.

833 2584 1224 2614 NJ—
