1942 3000
773 164 952 202 LIBER
983 164 1097 202 1111.
1577 161 1680 212 333

735 418 770 481 θ
824 425 1045 475 ΧΧΠΠ.

197 589 342 636 Falsa
367 595 446 636 est
469 587 566 635 ista
590 594 727 645 tuae,
758 585 960 645 mulier,
994 585 1181 634 fiducia
1203 585 1419 645 formae,

265 676 385 723 olim
412 676 576 724 oculis
602 675 814 723 nimium
839 674 977 722 facta
1002 675 1226 737 superba
1253 675 1395 723 meis.

196 771 368 813 noster
392 779 538 813 amor
562 765 691 813 tales
719 764 899 813 tribuit
921 764 1033 823 tibi,
1068 762 1302 826 Cynthia,
1335 762 1538 812 laudes:

262 853 486 901 versibus
510 852 769 914 insignem
793 860 843 901 te
870 853 1030 915 pudet
1054 866 1166 901 esse
1190 851 1333 900 meis.

131 950 156 988 5
195 940 403 988 mixtam
426 947 477 988 te
501 939 641 987 varia
666 940 871 987 laudavi
896 954 1051 1003 saepe
1078 940 1257 1002 figura,
1368 925 1373 930 ⁴

263 1035 316 1076 ut
342 1029 479 1091 quod
505 1043 613 1077 non
638 1042 777 1078 esses
804 1042 916 1076 esse
941 1037 1147 1092 putaret
1171 1044 1338 1078 amor:

195 1124 243 1165 et
267 1116 409 1164 color
434 1124 511 1165 est
534 1117 722 1165 totiens
750 1131 901 1165 roseo
929 1118 1148 1166 collatus
1176 1117 1307 1176 Eoo,

263 1219 379 1251 cum
403 1204 496 1253 tibi
522 1206 787 1267 quaesitus
815 1206 1010 1254 candor
1035 1206 1089 1253 in
1115 1219 1204 1254 ore
1229 1205 1378 1254 soret.

194 1292 330 1355 quod
356 1292 480 1340 mihi
506 1308 614 1341 non
641 1294 793 1356 patrii
819 1301 1057 1356 poterant
1083 1301 1308 1342 avertere
1337 1293 1503 1354 amici,

88 1392 109 1431 1
124 1391 150 1432 0
264 1381 434 1430 eluere
459 1389 548 1429 aut
571 1389 713 1429 vasto
737 1381 990 1431 Thessala
1013 1395 1140 1444 saga
1164 1382 1311 1430 mari.

191 1469 318 1518 haec
345 1483 461 1533 eg0‚
493 1484 600 1518 non
627 1470 764 1519 ferro
792 1485 896 1519 non
921 1470 1041 1533 igne
1067 1478 1294 1530 coactus,
1329 1480 1378 1519 et
1403 1470 1514 1535 ipsa

259 1556 547 1619 naufragus
571 1558 782 1620 Aegaea
806 1573 924 1607 vera
947 1559 1150 1608 fatebar
1177 1573 1330 1621 aqua.

194 1653 459 1710 correptus
484 1660 636 1694 saevo
662 1647 878 1695 Veneris
905 1648 1134 1695 torrebar
1158 1648 1343 1707 ahenO,

264 1735 459 1783 vinctus
487 1748 626 1782 eram
651 1748 821 1783 versas
846 1735 902 1782 in
926 1748 1041 1782 mea
1067 1742 1211 1797 terga
1234 1749 1435 1783 manus,

86 1833 103 1872 1
125 1832 152 1870 5
195 1837 318 1871 ecce
343 1830 621 1871 coronatae
647 1830 852 1886 portum
877 1822 1089 1884 tetigere
1115 1822 1336 1881 carinae,

262 1911 506 1960 traiectae
531 1911 722 1973 Syrtes,
754 1925 947 1960 ancora
970 1911 1105 1959 iacta
1129 1911 1319 1959 mihist.

194 2013 334 2046 nunc
360 1998 563 2047 demum
588 2006 732 2047 vasto
757 2000 880 2047 fessi
907 1999 1250 2062 resipiscimus
1279 2007 1441 2057 aestu,

215 2074 225 2081 ⁸
266 2088 579 2150 vulneraque
612 2087 676 2134 ad
702 2102 885 2135 sanum
909 2102 1049 2135 nunc
1075 2087 1243 2136 coiere
1268 2102 1397 2135 mea.

191 2191 339 2225 mens
367 2178 519 2235 bona,
552 2176 701 2238 siqua
727 2176 821 2223 dea
848 2190 918 2234 eS,
950 2184 1039 2223 tua
1064 2190 1146 2224 me
1170 2176 1225 2224 in
1252 2177 1475 2225 sacraria
1500 2178 1655 2226 dono,

82 2272 149 2313 20
268 2263 564 2313 exciderant
589 2263 744 2311 surdo
769 2271 845 2311 tot
871 2277 983 2311 mea
1009 2271 1127 2310 vota
1150 2264 1277 2312 Iovi.
