1942 3000
170 510 232 550 45

172 951 232 991 50

170 1394 230 1433 55

167 1837 227 1878 60

164 2280 224 2320 65

276 164 379 213 124
896 168 1140 207 TIBULLI

275 338 379 371 non
407 324 588 371 domus
614 324 724 372 ulla
748 324 884 372 fores
911 325 1105 384 habuit,
1137 340 1243 373 non
1272 327 1402 373 fixus
1429 326 1484 374 in
1511 326 1668 388 agri8‚

347 413 434 475 qui
459 421 659 475 regeret
684 414 833 462 certis
862 414 1051 461 finibus
1078 428 1213 474 arva,
1245 415 1395 478 lapis.

273 500 417 564 ipsae
442 502 598 549 mella
623 502 814 550 dabant
839 516 1076 565 quorem,
1110 503 1351 565 ultroque
1375 503 1610 551 ferebant

346 590 497 638 obvia
521 590 712 638 securis
739 591 899 638 ubera
924 591 1071 639 laetis
1100 605 1245 639 oves.v

273 693 379 727 non
406 680 560 739 acieS‚
592 695 696 728 uon
726 681 802 728 ira
826 680 942 740 fuit,
976 695 1082 728 non
1110 681 1263 741 bella,
1295 694 1393 729 nee
1419 694 1596 729 ensem

342 768 509 815 inmiti
536 782 714 816 saevus
742 769 957 818 duxerat
981 777 1089 817 arte
1114 769 1275 818 faber.

274 870 412 904 nunc
436 856 557 904 Iove
582 858 677 905 sub
704 857 913 905 domino
943 858 1125 906 caedes
1155 866 1204 906 et
1228 859 1439 906 vulnera
1464 871 1684 920 semper,

343 958 482 991 nune
507 959 664 1003 mare,
699 959 835 993 nunc
862 944 950 992 leti
977 945 1119 993 mille
1145 953 1355 1008 repente
1378 946 1507 993 viae.

273 1047 442 1095 parce,
475 1040 635 1095 pater.
713 1032 946 1080 timidum
970 1047 1078 1081 non
1105 1047 1187 1080 me
1212 1033 1436 1096 periuria
1459 1040 1668 1093 terrent,

345 1136 451 1169 nou
478 1121 615 1169 dieta
638 1122 692 1168 in
721 1129 926 1169 sanctos
954 1121 1100 1183 inpia
1124 1122 1277 1169 verba
1304 1121 1444 1169 deos

274 1210 411 1272 quod
439 1209 481 1256 si
507 1209 687 1257 fatales
713 1210 817 1258 iam
844 1225 981 1258 nune
1008 1210 1324 1273 explevimus
1353 1224 1537 1270 annos,

342 1298 424 1346 fac
450 1298 581 1361 lapis
607 1298 869 1360 inscriptis
899 1306 999 1347 stet
1024 1314 1175 1361 super
1204 1314 1324 1347 ossa
1351 1300 1503 1347 notis.

270 1386 370 1433 ‘hie
396 1386 529 1434 iacet
553 1387 718 1434 inmiti
747 1395 1078 1450 consumptus
1105 1396 1269 1436 morte
1292 1388 1549 1448 Tibullus,

341 1475 639 1523 Messallam
665 1483 799 1523 terra
824 1476 945 1524 dum
969 1476 1302 1540 sequiturque
1326 1477 1496 1526 mari.'

271 1565 360 1612 sed
386 1579 482 1624 me,
515 1564 655 1627 quod
681 1565 847 1613 facilis
872 1573 1051 1614 tenero
1078 1581 1192 1615 sum
1218 1581 1419 1629 semper
1442 1566 1642 1625 Amori,

339 1653 449 1716 ipsa
476 1653 654 1701 Venus
684 1668 890 1717 campos
919 1654 1069 1702 ducet
1093 1655 1146 1701 in
1175 1654 1398 1717 Elysios.

269 1742 353 1790 hic
380 1742 598 1790 choreae
625 1750 909 1804 cantusque
934 1743 1125 1804 vigent,
1158 1744 1453 1807 passimque
1478 1751 1722 1806 vagantes

341 1831 488 1879 dulce
515 1839 703 1879 sonant
726 1831 868 1878 tenui
896 1839 1099 1893 gutture
1125 1847 1328 1881 carmen
1354 1848 1489 1894 aves»,

268 1918 367 1966 fert
393 1918 582 1966 casiam
609 1934 713 1967 non
743 1920 880 1967 culta
910 1933 1077 1982 segeS‚
1112 1927 1353 1983 totosque
1378 1937 1470 1984 per
1495 1937 1647 1984 agros

340 2007 488 2055 floret
514 2008 739 2056 odoratis
766 2016 899 2056 terra
927 2009 1154 2072 benigna
1180 2011 1342 2059 rosis:

267 2102 319 2143 at
344 2096 584 2143 iuvenum
609 2096 765 2144 series
792 2098 984 2145 teneris
1009 2098 1226 2146 inmixta
1259 2100 1444 2162 puellis

337 2183 484 2243 ludit,
519 2194 570 2231 et
594 2184 806 2234 adsidue
832 2186 1030 2247 proelia
1055 2186 1237 2234 miscet
1259 2189 1439 2235 Amor.

266 2272 372 2320 illie
399 2281 491 2332 est,
524 2273 828 2337 cuicumque
855 2289 1019 2337 rapax
1042 2291 1180 2323 mors
1208 2276 1346 2324 venit
1369 2275 1579 2335 amanti,

338 2370 388 2410 et
413 2362 543 2424 gerit
565 2362 758 2424 insigni
783 2372 980 2425 myrtea
1005 2373 1139 2413 serta
1166 2380 1330 2413 coma.

266 2458 318 2498 at
343 2451 593 2498 scelerata
617 2451 752 2499 iacet
778 2452 922 2500 sedes
948 2453 1004 2499 in
1031 2461 1183 2501 noete
1210 2454 1469 2516 profunda

338 2539 528 2599 abdita,
561 2556 716 2603 quam
743 2541 936 2589 circum
960 2542 1173 2590 flumina
1200 2542 1350 2605 nigra
1375 2550 1587 2591 sonant:

264 2628 652 2692 Tisiphoneque
674 2629 865 2692 inpexa
890 2631 1027 2679 feros
1054 2646 1147 2694 pro
1174 2631 1399 2680 crinibus
1426 2645 1619 2694 angues

740 2718 819 2729 unu-—
