1942 3000
788 155 966 193 LIBER
995 155 1062 194 11.

257 319 306 360 et
329 311 505 374 posuit
529 317 671 359 easta
692 309 864 373 turpia
888 310 999 358 visa
1027 310 1200 372 d0m0‚

185 398 274 447 illa
297 399 587 462 puellarum
610 397 864 460 ingenuos
893 399 1126 462 corrupit
1152 399 1367 460 0081103,

86 496 148 537 30
256 487 618 550 nequitiaeque
642 499 767 535 suae
791 486 959 534 noluit
985 500 1097 535 esse
1121 487 1291 536 rudes.

185 575 249 624 ah
272 582 457 638 gemat,
487 575 542 622 in
569 574 716 623 terris
741 573 841 622 ista
867 575 954 636 qui
983 575 1200 637 protulit
1223 582 1334 624 arte

253 664 422 726 iurgia
446 664 540 712 sub
568 663 723 712 tacita
748 662 957 711 condita
982 663 1194 712 laetitia.

183 767 287 801 non
313 753 424 801 istis
452 753 577 800 olim
601 751 870 800 variabant
892 758 1028 800 tecta
1053 751 1257 815 figuris:

252 849 361 889 tum
385 841 553 905 paries
580 840 727 889 nullo
753 839 965 888 erimine
991 839 1156 904 pictus
1185 848 1308 889 erat.

79 1025 141 1067 35
181 1019 269 1068 sed
295 1032 401 1066 non
426 1015 663 1066 inmerito
691 1016 877 1065 velavit
900 1031 1092 1068 aranea
1117 1016 1314 1078 fanum,

251 1113 301 1155 et
325 1105 462 1156 mala
487 1104 716 1154 desertos
743 1113 964 1168 occupat
988 1105 1148 1155 herba
1173 1105 1314 1155 deos·

179 1296 308 1346 quos
336 1281 493 1343 igitur
516 1281 610 1330 tibi
637 1282 892 1342 custode8‚
925 1296 1060 1345 quae
1083 1281 1265 1332 limina
1290 1297 1500 1346 ponam,

249 1383 382 1433 quae
406 1384 689 1433 numquam
714 1385 871 1433 supra
895 1385 987 1434 pes
1013 1370 1253 1419 inimicus
1279 1370 1399 1421 eat?

176 1473 296 1508 nam
320 1458 451 1508 nihil
477 1458 666 1509 invitae
691 1458 851 1508 tristis
879 1459 1112 1508 custodia
1144 1460 1382 1523 prodest:

66 1557 132 1598 4ο
247 1563 403 1611 quam
427 1561 643 1611 peccare
668 1548 843 1612 pudet,
876 1546 1115 1611 Cynthia,
1145 1556 1253 1598 tuta
1276 1556 1358 1599 sat
1382 1557 1474 1599 est.

177 1671 1414 1687 οοοοοοοοοοοοοο

173 1740 270 1774 nos
295 1740 430 1774 uxor
454 1740 754 1788 numquam,
785 1740 1070 1788 numquam
1095 1725 1299 1776 diducet
1324 1726 1519 1776 amica:

244 1828 445 1877 semper
470 1814 638 1863 amica
661 1813 803 1875 mihi,
835 1828 1038 1877 semper
1063 1822 1113 1863 et
1135 1829 1269 1864 uxor
1295 1814 1412 1864 eris·

859 2183 976 2234 VII.

168 2343 363 2394 Gavisa
389 2358 441 2392 es
471 2352 606 2393 certe
633 2344 905 2404 sublatam,
938 2342 1175 2406 Cynthia,
1209 2344 1376 2407 legem

241 2448 346 2495 qua
371 2434 634 2496 quondam
659 2434 825 2482 edicta
850 2433 1028 2480 flemus
1053 2441 1268 2496 uterque
1295 2433 1382 2481 diu

163 2521 224 2573 ni
249 2535 347 2569 nos
373 2521 632 2570 divideret.
696 2520 926 2583 quamvis
953 2521 1193 2570 diducere
1218 2530 1450 2570 amantes

238 2625 349 2661 non
375 2617 531 2673 queat
551 2610 739 2659 invitos
763 2609 995 2673 Iuppiter
1019 2610 1130 2674 ipse
1157 2610 1303 2659 duos.

163 2714 341 2759 propert.
388 2712 448 2748 ed.
468 2713 513 2749 ΙΙ.
1280 2725 1295 2764 1
1313 2724 1338 2765 6

1546 152 1645 202 241
