1942 3000
76 1502 145 1542 10

71 1944 139 1983 15

60 2384 135 2425 20

787 182 965 221 LIBER
997 184 1111 222 1111.

872 518 1015 566 VIII.

194 693 376 741 Dulcis
403 694 468 741 ad
493 694 761 743 hesternas
789 695 958 742 fuerat
983 695 1107 742 mihi
1136 697 1247 743 rixa
1275 697 1530 756 lucernae,

263 783 402 831 vocis
431 791 482 831 et
506 783 722 831 insanae
748 789 825 830 tot
850 782 1125 831 maledicta
1150 791 1286 832 tuae.

189 887 282 920 eur
309 871 585 919 furibunda
610 885 751 919 mero
779 885 1011 919 mensam
1036 872 1284 934 propellis
1313 880 1363 921 et
1387 874 1441 921 in
1466 889 1548 922 me

263 961 454 1023 proicis
480 961 664 1008 insana
691 960 891 1021 cymbia
916 961 1073 1022 plena
1098 961 1290 1009 manu?

189 1057 246 1098 tu
273 1064 392 1097 vero
420 1057 625 1098 nostros
652 1050 822 1097 audax
845 1050 1030 1098 invade
1056 1051 1291 1113 capium,

259 1145 309 1186 et
334 1152 449 1186 mea
473 1137 713 1186 formosis
743 1139 1002 1200 unguibus
1031 1154 1121 1186 ora
1146 1149 1288 1199 nota,

187 1234 245 1275 tu
271 1226 507 1274 minitare
533 1227 713 1275 oculos
740 1227 970 1275 subiecta
1000 1241 1214 1275 exurere
1241 1227 1461 1287 flamma,

259 1316 340 1363 fae
365 1329 480 1363 mea
506 1316 721 1366 rescisso
748 1323 959 1378 pectora
987 1316 1124 1363 nuda
1158 1316 1294 1364 sinu,

186 1404 428 1451 nimirum
453 1403 557 1451 veri
585 1404 770 1450 dantur
793 1403 912 1450 mihi
946 1403 1096 1465 signa
1121 1403 1305 1451 caloris
1327 1421 1339 1451 ε

259 1508 380 1541 nam
404 1491 516 1541 sine
543 1507 717 1539 amore
743 1491 883 1554 gravi
911 1491 1104 1540 femina
1130 1491 1272 1539 nulla
1298 1491 1454 1539 dolet.

183 1596 319 1644 quae
346 1581 531 1628 mulier
554 1580 733 1628 rabida
756 1580 914 1628 iactat
940 1580 1173 1628 convicia
1199 1579 1395 1641 lingua,

256 1676 304 1717 et
331 1668 548 1717 Veneris
574 1682 795 1730 magnae
821 1668 1041 1715 volvitur
1065 1675 1186 1715 ante
1210 1666 1385 1729 pede8‚

183 1757 455 1806 custodum
481 1757 722 1819 gregibus
751 1756 887 1804 cirea
912 1770 1002 1804 seu
1029 1755 1182 1817 stipat
1207 1763 1430 1815 euntem,

254 1860 347 1893 seu
372 1845 604 1909 sequitur
628 1845 839 1903 medias,
872 1858 1081 1892 maenas
1109 1851 1166 1891 ut
1189 1844 1307 1904 icta,
1339 1845 1465 1903 viaS,

181 1948 274 1982 seu
299 1934 528 1982 timidam
556 1935 737 1982 crebro
766 1933 1022 1983 dementia
1047 1933 1247 1981 somnia
1272 1940 1479 1993 terrent,

255 2036 347 2069 seu
370 2023 611 2070 miseram
636 2022 691 2068 in
718 2022 895 2070 tabula
922 2023 1061 2085 picta
1086 2022 1260 2084 puella
1285 2030 1472 2079 movet,

180 2111 260 2159 his
290 2125 387 2173 ego
413 2110 679 2158 tormentis
708 2110 864 2157 animi
892 2125 1008 2158 sum
1034 2125 1182 2159 verus
1209 2125 1448 2173 aruspex,

252 2200 343 2247 has
372 2198 524 2247 didici
552 2207 688 2247 certo
715 2213 869 2260 saepe
896 2198 948 2246 in
977 2214 1149 2247 amore
1189 2208 1355 2248 notas.

178 2302 287 2335 non
315 2294 393 2335 est
418 2294 555 2335 certa
581 2287 721 2346 fides,
756 2301 910 2348 quam
937 2301 1045 2335 non
1072 2287 1260 2335 iniuria
1284 2300 1465 2336 versat.

251 2375 484 2423 hostibus
512 2374 710 2422 eveniat
735 2374 876 2422 lenta
901 2375 1076 2437 puella
1100 2374 1225 2424 meis
1247 2378 1258 2425 Ξ

177 2462 407 2510 inmorso
436 2464 678 2526 aequales
706 2462 911 2510 videant
934 2478 1049 2511 mea
1077 2464 1290 2512 vulnera
1315 2466 1481 2513 collo:

248 2563 331 2597 me
358 2550 537 2598 doceat
562 2551 693 2597 livor
718 2564 919 2599 mecum
944 2552 1189 2600 habuisse
1213 2567 1396 2600 meam.

175 2646 267 2688 aut
291 2638 346 2685 in
372 2654 548 2688 amore
575 2639 748 2688 dolere
774 2640 892 2688 volo
919 2647 1009 2688 aut
1035 2640 1213 2688 audire
1239 2640 1514 2700 dolentem,

186 2741 356 2784 Propert.
405 2740 464 2776 ed.
486 2741 536 2776 ll.
1291 2754 1351 2794 20

1591 181 1697 235 305
