1942 3000
770 169 949 208 mmm
982 170 1097 207 1111.
1579 168 1683 217 317

256 341 437 374 aurum
463 341 642 376 omnes
667 327 799 374 victa
823 327 926 374 iam
951 326 1143 388 pietate
1171 328 1364 375 colunt.

184 431 310 465 auro
337 416 487 479 pulsa
513 416 654 475 fides,
686 430 813 463 auro
840 416 1045 463 venalia
1069 415 1215 463 iura:

81 514 144 554 50
256 519 440 552 aurum
464 504 551 552 lex
574 504 820 568 sequitur,
853 505 1114 552 mox-sine
1141 505 1256 567 lege
1280 505 1464 568 pudor.

185 594 376 642 torrida
401 593 710 655 sacrilegum
735 599 991 641 testantur
1015 593 1195 640 limina
1216 594 1499 653 Brennum,

256 682 375 729 dum
402 682 530 744 petit
551 682 748 730 intonsi
773 682 957 743 Pythia
982 696 1144 743 regna
1169 682 1276 729 dei:

185 777 238 819 at
260 785 408 818 mons
436 771 692 832 laurigero
718 784 1001 818 concussus
1028 771 1216 818 vertice
1242 770 1377 820 diras

255 858 459 908 Gallica
482 859 740 907 Parnasus
776 860 963 922 sparsit
987 859 1041 906 in
1066 874 1208 907 arma
1235 859 1394 908 nives.

80 957 144 998 55
185 956 235 996 te
261 949 429 996 scelus
455 955 667 1011 aecepto
693 948 908 998 Thracis
934 948 1303 1009 Polymestoris
1330 963 1457 997 auro

256 1036 416 1084 nutrit
439 1037 494 1084 in
520 1037 743 1100 hospitio
770 1052 895 1096 non,
929 1037 1204 1099 Polydoro,
1237 1037 1342 1100 pio.

185 1133 242 1172 tu
267 1139 475 1186 quoque
503 1133 558 1173 ut
584 1134 792 1174 auratos
819 1140 1041 1188 gereres,
1073 1125 1334 1189 Eriphyla,
1369 1127 1606 1185 lacertos,

254 1213 469 1274 dilapsis
496 1228 752 1275 nusquam
779 1221 857 1262 est
879 1215 1227 1277 Amphiaraus
1255 1214 1418 1277 equis,

183 1302 485 1366 proloquar,
517 1309 673 1363 atque
698 1301 891 1349 utinam
919 1302 1117 1364 patriae
1140 1302 1237 1351 sim
1248 1316 1408 1351 vanus
1424 1306 1677 1367 aruspex!

73 1399 139 1439 60
251 1389 505 1451 frangitur
528 1389 641 1451 ipsa
667 1389 769 1436 suis
794 1388 960 1437 Roma
986 1392 1210 1453 superba
1235 1392 1402 1440 bonis.

183 1484 322 1527 certa
346 1478 552 1540 loquor,
587 1477 676 1527 sed
702 1478 846 1526 nulla
871 1477 1023 1527 fides:
1056 1492 1223 1541 neque
1250 1479 1384 1528 enim
1397 1481 1493 1530 Ilia
1517 1496 1682 1544 quon-

401 1567 517 1615 dam

252 1670 406 1704 verax
430 1655 723 1717 Pergameis
751 1670 966 1705 maenas
992 1656 1230 1704 habenda
1259 1657 1425 1707 malis.

180 1745 293 1794 sola
318 1744 491 1791 Parim
517 1744 768 1806 Phrygiae
794 1745 954 1793 fatum
982 1759 1296 1807 conponere,
1330 1746 1443 1794 sola

252 1833 489 1882 fallacem
515 1833 712 1896 patriae
739 1847 943 1897 serpere
970 1833 1100 1881 dixit
1125 1848 1329 1896 equum.

71 1931 137 1970 65
179 1922 269 1971 ille
294 1922 437 1970 furor
463 1923 659 1985 patriae
683 1923 781 1970 fuit
804 1923 962 1983 utilis,
1000 1923 1090 1971 ille
1115 1923 1340 1986 parenti:

252 2020 463 2073 experta
488 2019 563 2059 est
588 2025 735 2059 veros
759 2010 912 2058 inrita
937 2012 1116 2074 lingua
1142 2013 1284 2061 deos.

836 2385 1009 2434 XIIII.

174 2540 345 2589 Multa
371 2548 505 2602 tuae,
540 2543 738 2606 Sparte,
769 2544 1016 2593 miramur
1040 2546 1155 2593 iura
1181 2546 1487 2608 palaestrae,

252 2630 341 2678 sed
365 2645 515 2694 mage
540 2632 752 2695 virginei
777 2639 853 2680 tot
879 2634 1017 2681 bona
1041 2635 1308 2697 gymnasii,
