1942 3000
746 164 927 201 LIBER
957 163 1071 201 1111.
1549 161 1659 212 31⁹

70 329 129 370 30
237 333 329 368 neo
356 318 572 381 digitum
596 326 817 381 angusta
841 327 922 368 est
944 320 1224 369 inseruisse
1248 321 1346 369 via.

168 422 258 456 nec
287 422 420 470 quae
445 408 547 455 sint
572 407 732 456 facies
758 422 856 456 neo
879 423 1014 470 quae
1039 409 1145 457 sint
1169 411 1325 458 verba
1351 411 1586 472 rogandi,

234 497 492 545 invenias:
540 511 749 545 caecum
773 504 942 545 versat
965 505 1167 546 amator
1192 499 1303 546 iter.

168 586 299 648 quod
326 585 370 633 si
395 585 509 633 iura
532 585 669 634 fores
696 600 1003 649 pugnasque
1039 586 1237 635 imitata
1259 587 1549 647 Laconum,

237 674 403 721 carior
421 674 528 722 hoc.
553 688 688 722 esses
713 681 771 722 tu
795 674 940 733 mihi,
973 675 1154 734 Roma,
1189 677 1345 723 bono.

845 1116 963 1165 XV.

165 1290 250 1341 Sic
277 1304 372 1354 ego
399 1306 506 1340 non
532 1293 668 1342 ullos
694 1293 799 1341 iam
823 1293 993 1342 norim
1017 1294 1073 1342 in
1099 1307 1274 1342 amore
1300 1295 1569 1353 tumultUS,

234 1393 330 1427 nec
357 1380 665 1453 veniat-sine
692 1389 741 1429 te
766 1396 874 1430 nox
899 1382 1157 1443 vigilanda
1181 1382 1333 1431 mihi:

164 1474 218 1516 ut
241 1467 366 1516 mihi
393 1470 644 1532 praetexti
670 1471 837 1534 pudor
862 1478 939 1519 est
963 1471 1164 1520 ablatus
1192 1471 1406 1521 amictus

235 1565 285 1606 et
310 1557 430 1631 date
454 1558 665 1607 libertas
693 1574 906 1609 noscere
931 1560 1120 1607 amoris
1146 1560 1261 1620 iter,

89 1657 115 1694 5
158 1645 251 1694 illa
277 1647 429 1694 rudes
456 1648 658 1696 animos
685 1662 777 1711 per
801 1654 981 1696 noctes
1011 1648 1218 1696 conseia
1244 1648 1434 1710 primas

230 1735 417 1784 imbuit
442 1736 543 1785 heu
568 1715 735 1786 nullis*
752 1743 903 1799 capta
927 1735 1163 1798 Lycinna
1188 1736 1319 1783 datis
1339 1753 1351 1784 z

158 1824 337 1872 tertius
365 1824 503 1873 haud
528 1827 690 1875 multo
716 1826 885 1874 minus
913 1834 993 1874 est
1018 1839 1136 1874 oum
1160 1824 1364 1872 ducitur
1389 1839 1588 1883 annus;

230 1912 315 1959 vix
339 1914 548 1962 memini
575 1915 725 1963 nobis
752 1916 908 1964 verba
936 1914 1105 1964 coisse
1130 1915 1326 1962 decem.

158 2008 347 2048 cuneta
372 2008 490 2050 tuus
518 2003 750 2066 sepelivit
775 2018 937 2062 amor,
969 2017 1067 2051 neo
1092 2002 1286 2050 femina
1310 2008 1428 2064 post
1452 2008 1502 2049 te

51 2098 111 2138 10
231 2089 343 2137 ulla
367 2089 507 2138 dedit
532 2091 669 2140 collo
697 2091 869 2140 dulcia
892 2091 1062 2139 vincla
1085 2105 1220 2139 meo.

156 2177 304 2226 testis
332 2178 426 2226 erit
449 2179 605 2227 Dirce
632 2189 738 2228 tam
763 2194 880 2227 vero
909 2179 1122 2228 crimine
1150 2194 1317 2238 saeva,

222 2267 446 2329 Nycteos
471 2267 740 2332 Antiopen
771 2268 1076 2317 accubuisse
1099 2268 1262 2329 Lyco.

155 2355 223 2403 ah
252 2355 495 2418 quotiens
522 2358 731 2420 pulcros
759 2354 890 2405 ussit
911 2357 1093 2419 regina
1119 2357 1337 2420 capillos

228 2444 515 2508 molliaque
540 2445 746 2494 inmites
771 2446 887 2494 fixit
910 2445 966 2493 in
993 2460 1086 2494 ora
1109 2461 1293 2495 manus
1313 2449 1324 2495 Ξ

40 2546 58 2583 1
79 2544 105 2583 5
152 2533 224 2581 ah
251 2533 491 2597 quotiens
519 2533 765 2585 famulam
790 2534 964 2597 pensis
991 2524 1223 2584 on'eravit
1244 2534 1438 2597 iniquis

228 2629 281 2671 et
308 2632 462 2686 caput
483 2623 541 2673 in
566 2623 693 2672 dura
718 2638 912 2687 ponere
936 2624 1086 2674 iussit
1109 2624 1298 2673 humo!
