1942 3000
249 137 358 188 2⁰6
832 139 1159 178 PROPERTH

323 297 430 344 sive
453 310 597 345 meas
624 295 863 344 lacrimas
888 295 995 342 sive
1022 295 1191 342 videre
1220 303 1354 342 tuas,

149 394 212 437 25
255 386 414 452 [tecta
437 385 724 448 superciliis
749 384 1006 445 siquando
1034 384 1187 431 verba
1211 384 1445 441 remittis,

324 484 414 524 aut
438 485 528 523 tua
554 490 673 522 cum
698 474 871 535 digitis
897 473 1088 534 scrIpta
1113 472 1315 519 silenda
1340 469 1538 533 notas]

253 566 338 613 odi
366 579 485 626 eg0,
517 579 636 611 eum
659 577 944 624 numquam
968 568 1209 623 pungunt
1232 561 1453 623 suspiria
1476 574 1692 608 somnos
1714 578 1729 606 z

324 665 526 714 semper
547 651 604 699 in
628 650 760 698 irata
783 650 1009 712 pallidus
1035 663 1148 697 esse
1173 649 1341 696 velim.

252 741 455 789 dulcior
477 740 615 802 ignis
644 747 756 787 erat
775 739 967 796 Paridi,
1002 753 1121 785 eum
1147 737 1305 787 Graia
1330 752 1591 799 perarma

148 839 210 881 3⁰
321 828 604 892 Tyndaridi
629 835 834 890 poterat
857 827 1046 888 gaudia
1070 826 1206 874 serre
1230 840 1373 874 suae.

252 918 375 966 dnm
397 917 613 965 vineunt
637 915 828 974 Danai,
860 916 984 962 dum
1007 923 1163 963 restat
1189 915 1440 963 barbarus
1464 914 1681 972 Hector,

331 1006 420 1054 ille
445 1005 674 1053 Helenae
699 1005 756 1052 in
780 1004 974 1067 gremio
1000 1005 1227 1052 maxima.
1250 1004 1387 1052 bella
1409 1004 1559 1066 gerit.

250 1101 342 1142 aut
365 1101 537 1141 tecum
560 1099 650 1139 aut
676 1107 769 1154 pro
793 1100 846 1140 te
869 1092 997 1139 mihi
1022 1106 1140 1140 eum
1166 1092 1412 1140 rivalibus
1438 1106 1581 1139 arma

322 1195 527 1244 semper
550 1187 727 1228 erunt:
769 1180 824 1227 in
850 1187 902 1227 te
926 1194 1032 1241 pax
1055 1179 1179 1226 mihi
1204 1180 1351 1227 nulla
1383 1179 1570 1241 placet.

150 1280 212 1321 35
251 1270 420 1334 gaude
446 1269 586 1332 quod
611 1269 758 1317 nulla
781 1276 859 1316 est
881 1282 1049 1330 aeque
1073 1268 1331 1329 formosa:
1374 1268 1597 1326 dolereS‚

325 1357 476 1420 siqua
500 1357 665 1405 foret:
707 1371 848 1404 nune
874 1356 945 1404 sis
969 1356 1081 1404 iure
1106 1357 1329 1418 superba
1353 1356 1489 1403 lieet.

251 1455 305 1495 at
330 1446 442 1507 tibi,
476 1445 566 1509 qui
591 1453 770 1493 nostro
797 1445 988 1493 nexisti
1014 1444 1144 1492 retia
1169 1445 1323 1504 leem,

323 1538 390 1585 sit
415 1550 564 1584 socer
590 1542 859 1583 aeternum
882 1548 982 1582 nee
1007 1535 1308 1583 sine‘matre
1333 1535 1515 1582 domus
1535 1536 1548 1581 Σ

255 1626 340 1675 eui
365 1640 507 1674 nune
534 1625 685 1686 siqua
710 1624 830 1671 data
854 1630 932 1671 est
955 1622 1208 1671 furandae
1235 1622 1386 1684 eopia
1410 1622 1596 1680 nocua,

149 1722 213 1762 40
326 1713 523 1761 offensa
546 1712 641 1759 illa
663 1710 807 1770 mihi,
839 1725 946 1758 non
973 1710 1068 1758 tibi
1093 1710 1276 1770 amica,
1306 1710 1463 1758 dedit.

842 1913 1155 1921 -—-—-————-

920 2152 1088 2201 VIIII.

255 2329 528 2378 Maecenas
557 2343 712 2392 eques
737 2329 952 2377 Etrusco
982 2329 1044 2377 de
1070 2329 1326 2390 sanguine
1350 2342 1546 2390 regum,

327 2417 462 2465 intra
485 2417 747 2465 fortunam
772 2418 859 2479 qui
885 2418 1030 2480 cupis
1061 2431 1174 2465 esse
1201 2424 1362 2475 tuam,

258 2504 380 2565 quid
405 2518 487 2552 me
513 2504 771 2553 scribendi
795 2512 900 2552 tam
924 2512 1121 2552 vastum
1145 2504 1303 2552 mittis
1329 2505 1385 2552 in
1409 2504 1644 2565 aequor?

328 2604 436 2637 non
460 2598 582 2639 sunt
606 2598 726 2653 apta
752 2605 898 2640 meae
923 2592 1138 2653 grandia
1163 2593 1276 2640 vela
1298 2592 1414 2640 rati.
