1942 3000
252 150 359 200 238
833 155 1158 195 PROPERTII

252 324 361 359 non
388 317 505 374 eget
527 310 611 360 hic
635 311 864 371 medicis,
894 326 1004 360 non
1029 312 1174 361 lectis
1199 313 1443 362 mollibus
1470 327 1639 376 aeger,

323 399 442 448 huic
466 400 669 448 nullum
694 400 823 448 caeli
847 407 1048 462 tempus
1075 407 1125 448 et
1149 416 1275 449 aura
1299 409 1488 453 nocet:

252 488 501 548 ambulat,
533 495 583 537 et
608 488 779 536 subito
806 488 1057 537 mirantur
1080 489 1236 538 funus
1265 489 1441 538 amici:

325 577 400 625 sic
427 583 504 625 est
528 577 808 637 incautum,
843 576 1092 640 quidquid
1117 578 1336 626 habetur
1358 593 1521 627 amor.

151 671 211 715 15
252 679 373 713 nam
399 665 482 713 cui
507 680 614 713 non
641 680 737 728 ego
765 681 880 713 sum
903 665 1078 714 fallaci
1104 667 1332 729 praemia
1357 667 1494 715 vati?

325 768 459 816 quae
482 769 600 802 mea
623 769 733 802 non
757 754 925 803 decies
952 754 1156 803 somnia
1181 763 1349 804 versat
1374 756 1539 805 anus?

250 842 415 894 hostis
440 842 601 905 siquis
630 842 724 891 erit
751 843 919 902 nobis»,
950 850 1088 891 amet
1112 843 1203 891 ille
1229 844 1461 906 puellas:

322 931 544 994 gaudeat
568 932 623 979 in
649 946 827 994 putere,
858 930 1018 994 siquis
1045 932 1240 980 amicus
1268 932 1378 980 erit.

251 1019 533 1082 tranquillo
562 1025 672 1067 tuta
697 1019 964 1067 descendis
992 1020 1202 1068 flumine
1228 1021 1439 1083 cymba:

148 1114 209 1156 20
324 1108 445 1171 quid
472 1108 565 1157 tibi
590 1115 695 1156 tam
719 1107 860 1170 parvi
886 1107 1050 1156 litoris
1077 1109 1215 1156 unda
1242 1110 1431 1158 nocet?

252 1197 382 1245 alter
407 1211 561 1261 saepe
586 1212 691 1246 uno
717 1203 883 1245 mutat
906 1198 1207 1260 praecordia
1233 1199 1405 1259 verb0,

324 1286 485 1334 altera
511 1286 596 1333 vix
619 1286 735 1350 ipso
762 1286 1017 1349 sanguine
1041 1287 1214 1335 mollis
1242 1287 1354 1335 erit.

960 1657 1029 1707 V.

247 1818 361 1867 Hoc
387 1831 560 1865 verum
586 1823 681 1877 est,
714 1824 824 1866 tota
848 1826 898 1866 te
923 1817 1063 1877 ferri,
1096 1816 1331 1880 Cynthia,
1362 1816 1545 1879 Roma,

318 1913 368 1954 et
391 1920 498 1954 non
525 1905 706 1968 ignota
730 1905 896 1954 vivere
920 1906 1187 1968 nequitia?

244 1994 372 2043 haec
395 1994 555 2043 merui
582 1994 825 2056 sperare?
862 1994 1007 2042 dabis
1033 1995 1177 2055 mihi,
1208 1996 1418 2059 perfida,
1450 2009 1675 2059 poenas:

316 2090 366 2132 et
390 2083 540 2132 nobis
568 2082 765 2144 alique,
798 2081 1033 2145 Cynthia,
1062 2092 1243 2133 ventus
1271 2084 1382 2134 erit.

177 2180 203 2221 5
242 2172 500 2220 inveniam
524 2178 694 2219 tamen
724 2185 751 2219 e
775 2173 952 2220 multis
980 2172 1253 2221 fallacibus
1279 2187 1439 2220 unam

315 2273 448 2322 quae
474 2260 583 2307 fieri
612 2268 789 2308 nostro
819 2262 1045 2310 carmine
1070 2268 1197 2309 nota
1221 2261 1360 2320 velit,

241 2361 338 2396 nec
362 2347 488 2395 mihi
513 2354 619 2396 tam
644 2348 783 2396 duris
810 2349 1024 2398 insultet
1048 2349 1294 2408 moi-ihm,
1331 2357 1382 2398 et
1406 2357 1456 2398 te

313 2436 543 2484 vellicet:
586 2436 687 2484 heu
713 2451 828 2485 sero
855 2437 1000 2486 flebis
1027 2443 1199 2486 amata
1223 2437 1331 2485 diu.

240 2539 380 2572 nunc
406 2532 485 2572 est
508 2525 586 2573 ira
609 2539 808 2584 recens,
842 2540 981 2574 nunc
1007 2532 1085 2574 est
1109 2525 1369 2574 discedere
1393 2531 1623 2587 tempus:

141 2618 199 2660 10
312 2612 355 2660 si
382 2612 531 2661 dolor
556 2612 755 2672 afuerit,
788 2613 955 2673 crede,
987 2613 1172 2662 redibit
1195 2627 1357 2662 amor.
