1942 3000
278 185 384 234 353
848 185 1184 223 —PROPERTII

278 358 369 391 cur
394 349 571 390 ventos
600 355 705 388 non
732 340 842 403 ipse
868 341 1027 402 rogis,
1058 340 1277 402 ingrate,
1311 339 1518 402 petisti?

350 446 441 479 cur
465 430 626 478 nardo
654 429 888 476 fiammae
913 443 1021 476 non
1048 430 1224 476 oluere
1249 429 1431 476 meae?

280 519 378 567 hoc
405 519 558 567 etiam
581 532 735 580 grave
761 525 887 577 erat,
919 518 1065 565 nulla
1088 517 1323 566 mercede
1348 517 1663 577 hyacinthos

348 606 541 654 inicere
567 613 616 653 et
640 605 803 652 fracto
831 605 980 653 busta
1006 605 1149 666 piare
1175 603 1322 652 cado.

176 700 236 742 35
277 693 570 756 Lygdamus
597 700 787 752 uratur,
819 692 1094 741 candescat
1115 692 1362 740 lammina
1386 704 1578 739 vernae

353 781 515 844 (sensi
543 794 657 843 ego,
692 795 808 827 cum
832 780 1034 828 insidiis
1061 778 1252 842 pallida
1277 779 1396 826 vina
1420 778 1553 840 bibi)
1573 797 1586 827 ε

281 876 333 916 at
356 868 549 916 Nomas
575 882 790 916 arcanas
818 868 967 915 tollat
993 875 1196 916 versuta
1222 867 1437 915 salivas:

333 956 486 1029 'dicet
513 956 777 1002 damnatas
802 955 956 1017 ignea
984 962 1116 1004 testa
1144 970 1347 1003 manuS.

285 1057 417 1107 quae
442 1043 596 1091 modo
625 1056 717 1105 per
740 1043 867 1091 viles
894 1044 1130 1107 inspecta
1156 1052 1232 1092 est
1257 1043 1465 1106 publica
1491 1049 1695 1103 noctes,

176 1141 241 1182 4ο
354 1133 480 1180 haec
504 1145 644 1179 nunc
670 1139 849 1194 aurata
875 1133 1085 1194 cyclade
1111 1134 1283 1195 signat
1306 1133 1536 1189 humum,

284 1229 333 1270 et
358 1220 591 1283 graviora
619 1220 853 1283 rependit
876 1221 1066 1284 iniquis
1094 1236 1255 1283 pensa
1282 1219 1535 1283 quasillis,

354 1309 561 1371 garrula
586 1308 648 1355 de
673 1308 805 1357 facie
830 1309 983 1371 siqua
1006 1310 1181 1357 locuta
1205 1316 1395 1357 meast:

281 1405 562 1459 nostraque
586 1379 916 1460 quodPetale
941 1397 1059 1445 tulit
1084 1397 1147 1444 ad
1173 1401 1507 1445 monumenta
1532 1409 1782 1456 eoronaS,

356 1485 547 1535 codicis
571 1485 806 1534 inmundi
832 1485 1040 1534 vincula
1065 1485 1221 1534 sentit
1246 1499 1406 1533 anus:

169 1583 243 1624 45
286 1575 516 1624 caeditur
541 1582 590 1622 et
614 1574 809 1637 Lalage
834 1574 981 1622 tortis
1008 1584 1259 1635 suspensa
1286 1572 1506 1634 capilli&

351 1677 445 1725 per
468 1676 659 1710 nomen
689 1662 933 1725 quoniam
960 1669 1039 1709 est
1063 1675 1189 1708 ausa
1212 1673 1396 1722 rogare
1420 1674 1608 1707 meum.

284 1757 335 1798 te
361 1749 587 1812 patiente
612 1763 757 1797 meae
785 1748 1035 1819 conflavit·
1051 1747 1287 1809 imaginis
1315 1761 1513 1805 aurum,

357 1837 565 1884 ardente
593 1850 620 1883 e
647 1842 824 1884 nostro
852 1836 1025 1884 dotem
1050 1836 1289 1884 habitura
1312 1849 1458 1896 r0g0.

152 1984 156 1994 Ι
288 1939 395 1972 non
421 1931 591 1971 tamen
618 1923 858 1982 insector,
893 1923 1122 1985 quamvis
1147 1936 1390 1981 mereare,
1422 1923 1695 1984 Properti:

177 2021 245 2061 50
357 2013 516 2074 longa
542 2024 657 2058 mea
682 2010 736 2058 in
761 2011 907 2059 libris
933 2025 1094 2073 regna
1120 2010 1262 2058 fuere
1288 2010 1409 2058 tuis,

286 2099 400 2147 iuro
429 2114 525 2162 ego
553 2100 797 2147 Fatorum
822 2098 953 2146 nulli
977 2098 1260 2146 revolubile
1285 2111 1508 2157 carmen,

361 2188 775 2250 tergeminusque
801 2187 942 2235 canis
969 2187 1043 2235 sic
1069 2186 1192 2234 mihi
1217 2186 1376 2234 molle
1403 2192 1570 2243 sonet,

288 2290 369 2324 me
395 2290 623 2324 servasse
650 2275 816 2323 fidem.
894 2275 936 2322 si
964 2274 1111 2333 falle,
1143 2275 1316 2336 vipera
1352 2273 1538 2321 nostris

359 2363 529 2412 sibilet
555 2363 609 2410 in
636 2362 845 2410 tumulis
875 2369 925 2409 et
949 2376 1104 2424 super
1130 2376 1249 2409 ossa
1276 2340 1443 2409 cubet.

176 2458 246 2498 55
290 2465 411 2498 nam
436 2450 643 2510 gemina
669 2457 746 2497 est
771 2449 916 2497 sedes
943 2457 1146 2512 turpem
1172 2449 1352 2497 sortita
1377 2462 1470 2511 per
1495 2463 1730 2510 amnem,

358 2536 613 2597 turbaque
641 2535 837 2584 diversa
864 2537 1082 2599 remigat
1108 2537 1275 2585 omnis
1302 2551 1456 2598 aqua.

287 2622 428 2669 unda
455 2622 892 2684 Clytaemnestrae
917 2631 1152 2686 stuprum
1178 2624 1315 2672 vehit
1339 2624 1517 2682 altera,
1553 2622 1809 2675 Cressam
