1942 3000
278 147 386 197 302
867 149 1190 192 PROPERTH
1203 185 1209 190 .

962 411 1081 461 VH.

274 571 413 635 Ergo
440 571 693 620 sollicitae
718 579 772 619 tu
799 586 973 628 causa,
1006 570 1245 634 pecunia,
1277 571 1480 620 vitae's!

346 675 438 724 per
461 667 511 709 te
535 662 849 709 inmaturum
871 659 1050 709 mortis
1077 660 1279 708 adimus
1302 660 1413 707 iter.

274 756 331 796 tu
357 748 487 797 vitiis
514 749 782 797 hominum
811 738 1041 797 crudelia
1064 749 1257 811 pabula
1282 749 1527 811 praebes:

348 837 546 886 semina
571 852 809 886 curarum
833 837 896 886 de
923 837 1092 900 capite
1118 844 1230 886 orta
1255 844 1362 885 tuo,

209 934 234 972 5
276 933 332 974 tu
354 926 569 975 Paetum
594 926 660 974 ad
682 912 899 975 Pharios
926 926 1223 974 tendentem
1247 926 1408 995 lintea
1432 934 1612 990 portus

345 1015 517 1065 obruis
541 1015 730 1064 insano
754 1023 934 1077 terque
959 1022 1244 1077 quaterque
1268 1015 1413 1063 mari.

275 1120 395 1153 nam
421 1106 543 1153 dum
566 1112 617 1153 te
642 1105 892 1167 sequitur,
926 1104 1095 1167 primo
1119 1104 1275 1152 miser
1300 1103 1493 1153 excidit
1513 1118 1662 1164 aev0,

346 1201 397 1242 et
422 1209 555 1242 nova
579 1193 878 1260 longinquis
905 1193 1135 1256 piscibus
1161 1207 1291 1241 esca·
1304 1199 1473 1240 natat:

275 1291 325 1331 et
349 1290 511 1332 mater
534 1298 642 1332 non
666 1263 801 1331 iusta
819 1263 942 1345 piae
966 1282 1090 1330 dare
1115 1281 1286 1329 debita
1309 1288 1492 1341 terrae,

101 1365 112 1376 ‘
172 1378 232 1419 10
346 1385 442 1419 nec
468 1377 590 1434 pote
616 1377 865 1433 cognatos
890 1369 1027 1418 inter
1051 1371 1262 1418 humare
1289 1383 1461 1446 τος-93,

274 1458 364 1507 sed
391 1466 480 1507 tua
504 1473 645 1508 nunc
672 1459 906 1508 volucres
932 1458 1139 1508 adstant
1164 1437 1463 1521 superfessa
1486 1457 1738 1518 marinae,

345 1562 484 1596 nunc
511 1548 605 1596 tibi
631 1563 726 1611 pro
753 1549 951 1597 tumulo
980 1547 1315 1612 Carpathium
1339 1562 1492 1613 omne
1522 1555 1738 1596 marest.

272 1637 456 1686 infelix
479 1637 693 1700 Aquilo,
727 1646 903 1700 raptae
929 1637 1082 1685 timor
1109 1636 1392 1698 Orithyiae,

346 1739 478 1786 quae
502 1724 671 1787 spolia
698 1738 762 1773 ex
787 1725 878 1773 illo
907 1732 1050 1773 tanta
1075 1725 1219 1774 fuere
1243 1725 1335 1773 tibi
1348 1724 1379 1772 Ῥ-

172 1819 231 1860 15
273 1819 363 1861 aut
387 1812 634 1874 quidnam
658 1812 822 1861 fracta
846 1813 1058 1875 gaudes,
1089 1812 1346 1876 Neptune,
1379 1812 1591 1862 carina?

342 1901 581 1962 portabat
606 1908 811 1950 sanctos
837 1902 1012 1950 alveus
1037 1902 1128 1951 ille
1152 1902 1305 1951 viros.

271 1988 447 2048 Paete,
482 1989 604 2051 quid
633 1998 854 2039 aetatem
880 2005 1118 2039 numeras
1135 1991 1158 2038 ’.Ρ
1195 1991 1318 2054 quid
1346 2006 1464 2040 cara
1488 1991 1689 2039 natanti

341 2084 501 2126 mater
525 2077 580 2126 in
608 2094 695 2128 ore
720 2079 814 2127 tibi
843 2079 955 2127 est?
992 2094 1100 2128 non
1124 2079 1279 2127 habet
1305 2080 1442 2127 unda
1468 2080 1610 2127 deos.

272 2181 391 2214 nam
417 2166 510 2214 tibi
536 2167 801 2216 nocturnis
828 2168 892 2215 ad
918 2182 1047 2216 saxa
1070 2168 1233 2230 ligata
1258 2168 1496 2230 procellis

166 2259 228 2301 20
343 2254 516 2302 omnia
541 2254 729 2303 detrito
757 2255 961 2302 vincula
986 2256 1110 2303 fune
1135 2243 1375 2304 cadufffi*

270 2349 390 2389 sunt
413 2342 852 2402 Agamemnonias
880 2343 1124 2390 testantia
1147 2344 1299 2390 litora
1325 2358 1492 2403 curas,

341 2440 473 2488 quae
498 2434 646 2474 notat
669 2426 906 2487 Argynni
942 2442 1115 2490 poena
1139 2430 1584 2478 Athamantiadae.

268 2513 368 2560 hoc
392 2513 576 2561 iuvene
602 2513 792 2560 amisso
821 2514 1039 2562 classem
1065 2530 1171 2564 non
1199 2518 1352 2565 solvit
1374 2519 1600 2574 Atrides,

340 2612 433 2660 pro
462 2613 564 2659 qua
587 2606 809 2646 mactata
836 2608 912 2647 est
935 2600 1209 2662 Iphigenia
1233 2618 1394 2653 mora.
