1942 3000
771 164 988 202 munna.
1555 167 1621 216 15

127 318 204 365 isti
230 319 279 366 di
303 302 445 366 mala
471 319 631 367 multa
657 320 777 368 dent
803 321 996 382 clienti,

88 452 91 457 .
127 406 209 468 qui
233 415 435 454 tantum
462 407 555 455 tibi
582 408 717 456 misit
740 409 1019 472 inpiorum.

125 495 257 557 quod
286 496 348 554 si,
383 504 439 542 ut
466 496 718 559 suspicor,
753 497 853 546 hoc
878 513 1072 548 novum
1096 516 1158 549 ac
1184 510 1441 565 repertum

120 597 301 631 munus
330 583 420 632 dat
444 584 537 633 tibi
565 584 710 634 Sulla
735 586 1005 646 litterator,

30 678 82 718 10
121 685 224 718 non
250 680 327 719 est
352 672 421 719 mi
447 673 601 733 male,
634 675 722 722 sed
750 675 881 723 bene
906 690 968 723 ao
995 676 1161 737 beato,

120 761 255 823 quod
283 776 392 809 non
419 762 717 825 dispereunt
740 764 815 812 tui
842 764 1066 814 laborem

119 850 166 897 di
191 850 386 913 magni,
419 850 717 900 horribilem
741 861 793 901 et
816 867 1020 901 sacrum
1043 854 1295 913 libellum,

119 953 271 1000 quem
296 946 353 986 tu
380 939 577 988 seilicet
600 940 665 988 ad
690 948 835 989 tuum
862 939 1124 991 Catullum

116 1027 270 1085 misti,
305 1025 553 1076 continuo
578 1035 635 1077 ut
659 1028 740 1076 die
766 1029 969 1091 periret,

30 1120 77 1157 15
118 1114 497 1173 SaturnalibuS,
530 1115 726 1178 optimo
758 1116 988 1165 diorum!

117 1218 222 1250 non
250 1218 359 1251 non
384 1204 483 1252 hoc
508 1204 620 1263 tibi,
651 1206 805 1265 salse,
836 1206 911 1255 sic
936 1207 1124 1256 abibit:

86 1282 91 1286 ⁴
118 1306 255 1351 nam,
289 1291 331 1338 si
358 1292 562 1353 luxerit,
593 1294 658 1341 ad
684 1294 1014 1343 librariorum
1097 1304 1106 1311 '

119 1395 322 1428 curram
346 1380 551 1441 serinia,
585 1380 815 1442 Caesi08‚
851 1383 1111 1446 Aquinos‚

119 1467 387 1518 Suffenum
413 1470 588 1519 omnia
614 1471 855 1533 colligam
883 1487 1098 1533 venena,

22 1566 78 1606 20
116 1574 176 1606 ac
202 1567 255 1607 te
280 1558 358 1606 his
387 1559 655 1623 suppliciis
680 1562 1067 1610 remunerabor.

116 1663 205 1695 vos
233 1646 355 1695 hinc
381 1647 578 1695 interea
606 1647 818 1711 (valete)
848 1649 986 1697 abite

115 1735 241 1784 illuc
267 1736 404 1783 unde
428 1736 621 1784 malum
645 1737 828 1799 pedem
852 1739 1112 1799 attulistiS,

116 1823 276 1872 saecli
302 1824 647 1884 incommoda,
679 1827 887 1887 pessimi
912 1836 1115 1889 poetae.

61 2212 65 2217 ‚
110 2179 163 2229 Si
194 2178 288 2241 qui
315 2178 449 2225 forte
473 2192 699 2227 mearum
725 2179 1036 2242 ineptiarum

108 2268 337 2315 lectores
366 2265 503 2314 eritis
532 2282 815 2330 manusque
841 2277 1031 2317 vestras

107 2371 219 2404 non
248 2355 526 2403 horrebitis
552 2356 822 2405 admovere
848 2358 1017 2417 nobie,
