1942 3000
787 170 966 208 LIBER
996 170 1088 207 111.
1580 168 1689 219 fflss

197 339 291 372 nos
318 339 644 388 quocumque
669 327 805 386 1000,
839 341 935 376 nos
963 326 1104 374 omni
1132 335 1359 389 tempore
1384 334 1555 376 tecum

91 422 155 462 20
263 415 369 462 sive
394 428 548 477 aegra
573 415 763 477 pariter
787 416 892 464 sive
916 417 1120 464 valente
1143 431 1339 465 sumus.

779 603 1097 610 ————-

849 784 1020 834 XXII.

188 943 298 992 Scis
324 944 445 991 here
470 943 540 991 mi
567 943 754 991 multas
781 943 971 1005 pariter
996 943 1255 1007 placuisse
1279 944 1479 1007 puellas
1497 963 1513 994 z

257 1032 357 1080 scis
383 1032 528 1091 mihi,
560 1033 927 1095 Demophoon,
962 1033 1123 1081 multa
1147 1033 1320 1082 venire
1344 1034 1498 1081 mala.

185 1119 355 1168 nullas
383 1120 509 1168 meis
534 1120 723 1168 frustra
747 1121 1031 1168 lustrantur
1057 1121 1281 1184 compita
1307 1122 1520 1184 plantis,

255 1223 286 1255 ο
316 1208 465 1256 nimis
495 1209 652 1256 exitio
678 1216 800 1257 nata
827 1209 1026 1257 theatra
1050 1223 1184 1269 meo,

116 1305 141 1343 5
183 1296 287 1344 sive
313 1296 499 1359 aliquis
526 1297 672 1344 molli
698 1297 892 1346 diducit
918 1297 1138 1346 candida
1164 1307 1314 1360 gestu

251 1385 492 1433 bracchia
518 1399 610 1433 seu
637 1385 804 1433 varios
833 1385 1014 1433 incinit
1040 1400 1128 1434 ore
1152 1387 1365 1435 modos!

179 1472 376 1522 interea
402 1474 565 1525 nostri
592 1481 847 1536 quaerunt
872 1474 969 1523 sibi
997 1473 1181 1523 vulnus
1217 1474 1388 1535 ocelli,

253 1563 472 1610 candida
497 1578 604 1610 non
632 1570 767 1611 tecto
793 1570 1001 1625 pectore
1026 1564 1176 1626 siqua
1202 1563 1361 1621 sedet,

181 1652 289 1700 sive
316 1652 431 1714 vagi
459 1652 625 1703 crines
652 1652 793 1714 puris
822 1652 875 1699 in
901 1651 1157 1699 frontibus
1186 1659 1375 1713 errant,

77 1746 137 1787 10
251 1740 430 1788 Indica
456 1755 587 1802 quos
612 1740 783 1788 medio
809 1740 998 1789 vertice
1023 1754 1224 1801 gemma
1248 1747 1406 1788 tenet.

180 1841 313 1888 quae
338 1827 381 1874 si
409 1826 543 1881 forte
568 1828 761 1890 aliquid
789 1829 933 1875 vultu
957 1827 1080 1875 mihi
1108 1827 1235 1875 dura
1260 1836 1491 1889 negarat,

250 1914 438 1977 frigida
464 1916 526 1963 de
552 1923 661 1965 tota
685 1917 854 1965 fronte
880 1917 1096 1965 cadebat
1119 1931 1272 1978 aqua.

178 2004 404 2065 quaeris,
435 2004 799 2067 Demophoon,
831 2019 923 2052 cur
943 2004 1042 2052 sim
1065 2011 1170 2051 tam
1192 2005 1366 2052 mollis
1391 2005 1446 2052 in
1473 2019 1676 2053 omnes,

251 2091 386 2153 quod
418 2092 641 2154 quaeris,
674 2106 833 2153 quare
860 2108 965 2141 non
995 2094 1147 2142 habet
1172 2093 1310 2141 ullus
1338 2108 1498 2141 amor.

76 2187 135 2226 15
178 2194 271 2228 cur
295 2179 484 2242 aliquis
513 2180 670 2230 sacris
697 2181 858 2229 laniat
881 2197 976 2229 sua
1002 2182 1241 2230 bracchia
1267 2182 1444 2230 cultris

249 2276 298 2316 et
324 2268 539 2331 Phrygis
565 2269 779 2316 insanos
807 2269 1038 2317 caeditur
1062 2270 1126 2317 ad
1152 2271 1430 2318 numeros?

177 2357 267 2404 uni
295 2356 481 2419 cuique
509 2357 647 2405 dedit
670 2357 848 2405 vitium
875 2365 1059 2406 natura
1084 2365 1283 2406 creato:

246 2446 315 2493 mi
344 2446 552 2494 fortuna
578 2446 774 2508 aliquid
802 2461 1003 2509 semper
1027 2461 1199 2495 amare
1234 2448 1387 2497 dedit.

174 2548 257 2582 me
283 2534 405 2583 licet
431 2542 481 2582 et
504 2535 791 2597 Thamyrae
819 2536 1045 2583 cantoris
1072 2536 1180 2584 fata
1204 2544 1502 2599 sequantur,

68 2627 130 2670 2ο
247 2638 530 2684 numquam
556 2624 621 2671 ad
647 2624 918 2685 formosae,
949 2626 1137 2685 invide,
1171 2639 1355 2674 caecus
1386 2640 1492 2674 ero,
