1942 3000
308 174 409 223 146
929 174 1174 214 ‘rnwLm

204 342 265 382 30
378 340 570 380 sternat
596 342 645 381 et
670 332 911 380 adversos
937 333 1102 380 Marte
1128 331 1331 379 favente
1357 329 1530 389 duces,

306 430 364 470 ut
389 421 513 468 mihi
542 421 738 483 potanti
766 420 931 483 possit
957 435 1052 467 sua
1075 420 1246 467 dicere
1270 419 1410 466 facta

377 510 523 557 miles
551 517 601 556 et
626 510 680 556 in
705 523 884 556 mensa
909 508 1122 571 pingere
1147 515 1314 556 castra
1339 521 1498 556 mero.

309 598 421 660 quis
450 597 591 645 furor
618 605 693 644 est
718 604 879 644 atram
906 597 1054 644 bellis
1081 610 1337 644 arcessere
1360 597 1630 645 mortem?·

379 685 597 732 inminet
620 693 671 733 et
693 685 850 734 tacito
877 686 1012 733 clam
1037 684 1176 731 venit
1199 684 1291 732 illa
1317 684 1463 747 pede.

207 784 266 824 35
309 789 413 822 non
443 787 588 836 seges
615 782 691 821 est
715 772 868 831 infra,
903 788 1011 821 non
1038 773 1187 820 vinea
1213 773 1368 830 culta,
1401 772 1490 821 sed
1515 774 1688 821 audax

382 861 630 910 Cerberus
659 870 709 908 et
734 861 942 923 Stygiae
967 862 1142 909 navita
1167 861 1329 924 turpis
1356 876 1549 924 aquae:

309 950 415 998 illic
441 949 774 1012 rescissisque
798 950 942 1011 genis
970 958 1191 1013 ustoque
1219 950 1409 1012 capillo

383 1046 516 1086 errat
539 1038 604 1085 ad
629 1039 874 1086 obscuros
903 1038 1096 1100 pallida
1121 1039 1272 1086 turba
1296 1039 1457 1086 lacus.

310 1140 465 1187 quam
492 1126 662 1188 potius
688 1126 972 1174 laudandus
1000 1127 1083 1174 hic
1109 1134 1187 1174 est
1209 1141 1363 1189 quem
1388 1127 1532 1190 prole
1557 1136 1740 1191 parata

206 1222 268 1262 40
384 1222 604 1277 occupat
626 1214 679 1262 in
706 1229 860 1277 parva
884 1214 1031 1277 pigra
1052 1223 1260 1263 senecta
1287 1216 1436 1264 casa!

311 1302 422 1364 ipse
447 1317 564 1349 suas
593 1310 814 1351 sectatur
839 1318 974 1362 oves,
1008 1310 1061 1351 at
1086 1304 1218 1351 filius
1246 1318 1428 1366 agnOS,

383 1398 433 1438 et
456 1391 674 1439 calidam
698 1391 836 1440 fesso
863 1399 1111 1454 conparat
1135 1407 1268 1440 uxor
1290 1407 1496 1455 aquam.

312 1479 384 1528 sic
412 1493 509 1542 ego
537 1480 648 1540 sim,
679 1480 932 1544 liceatque
957 1488 1113 1544 caput
1138 1481 1442 1530 candescere
1468 1482 1630 1542 canisi,

382 1569 627 1630 temporis
654 1577 705 1618 et
728 1570 882 1633 prisci
908 1569 1046 1618 facta
1071 1570 1259 1618 referre
1285 1584 1476 1618 senem.

203 1665 264 1705 45
307 1657 502 1705 interea
526 1657 635 1705 Pax
660 1673 779 1706 arva
806 1658 959 1707 colat.
1038 1659 1150 1706 Pax
1175 1659 1391 1706 candida
1417 1659 1634 1721 primum

377 1746 523 1794 duxit
545 1754 778 1796 araturos
804 1749 898 1795 sub
923 1747 1048 1808 iuga
1073 1747 1244 1809 panda
1271 1748 1442 1806 bovoe,

306 1849 409 1897 pax
434 1834 565 1882 aluit
589 1835 713 1883 vites
739 1842 790 1883 et
814 1850 966 1883 sucos
997 1835 1225 1883 condidit
1249 1850 1392 1893 uvae,

378 1923 616 1971 funderet
640 1931 696 1971 ut
721 1932 842 1971 nato
869 1931 1002 1971 testa
1028 1932 1243 1986 paterna
1268 1938 1493 1972 merum:

311 2026 438 2075 pace
465 2012 642 2060 bidens
671 2026 944 2074 vomerque
969 2012 1159 2074 vigent,
1192 2020 1247 2060 at
1274 2012 1438 2060 tristia
1463 2012 1574 2059 duri

205 2109 266 2148 50
379 2100 553 2149 militis
579 2101 633 2148 in
660 2100 880 2149 tenebris
910 2109 1132 2164 occupat
1155 2115 1298 2148 arma
1322 2100 1450 2149 situs

312 2224 1451 2237 ooooooooooooo

308 2366 527 2414 rusticus
555 2380 582 2413 e
609 2366 831 2429 lucoque
855 2365 1009 2425 vehit,
1039 2365 1174 2414 male
1200 2366 1403 2415 sobrius
1429 2366 1557 2430 ipse,

382 2469 595 2503 uxorem
620 2455 852 2517 plaustro
878 2454 1279 2517 progeniemque
1303 2455 1530 2504 domum.

311 2544 397 2591 sed
426 2544 640 2592 Veneris
668 2554 775 2591 tum
802 2543 937 2591 bella
962 2544 1148 2601 calent,
1181 2543 1473 2607 scissosque
1498 2544 1718 2607 capillos

381 2631 569 2680 femina
595 2632 871 2695 perfractas
900 2631 1336 2695 conqueriturque
1360 2633 1525 2681 fores:
