1942 3000
747 194 925 231 mmm
957 194 1066 232 1111.
1258 195 1261 197 ·
1547 189 1654 239 309

166 352 261 400 hoc
285 352 426 410 mihi,
458 352 754 412 Maecenas,
788 352 953 400 laudis
980 351 1238 411 concedis,
1272 357 1322 399 et
1345 366 1377 398 a
1400 357 1502 398 test

67 449 126 489 60
236 440 373 503 quod
400 440 535 488 ferar
560 441 614 488 in
642 447 811 503 partes
839 441 951 503 ipse
977 440 1137 488 inisse
1160 446 1292 488 tuas.

746 641 1068 649 -—-—-—-———

874 879 944 928 X.

161 1058 403 1113 Mirabar,
438 1058 684 1120 quidnam
707 1059 968 1107 misissent
991 1072 1142 1105 mane
1169 1069 1433 1113 camenae,

233 1153 355 1193 ante
378 1160 549 1194 meum
574 1154 768 1194 stantes
797 1148 909 1195 sole
935 1148 1153 1194 rubente
1176 1156 1360 1192 torum.

164 1234 351 1282 natalis
378 1241 584 1281 nostrae
615 1235 820 1296 signum
843 1236 1031 1283 misere
1056 1234 1277 1297 puellae,

237 1328 286 1369 et
309 1321 546 1370 manibus
573 1321 772 1370 faustos
799 1331 875 1371 ter
901 1337 1146 1386 crepuere
1174 1336 1348 1370 sonos.

95 1420 120 1459 5
162 1416 389 1459 transeat
414 1409 496 1457 hic
522 1410 634 1459 sine
659 1412 797 1459 nube
822 1412 948 1471 dies,
982 1419 1120 1460 stent
1143 1425 1262 1459 aere
1287 1409 1447 1467 venti,

235 1506 396 1563 ponat
422 1507 471 1547 et
496 1498 550 1546 in
577 1499 714 1548 sicco
742 1500 965 1549 molliter
989 1502 1128 1548 unda
1154 1500 1336 1547 minas.

160 1589 443 1652 adspiciam
470 1588 644 1636 nullos
670 1588 918 1636 hodierna
942 1589 1058 1637 luce
1085 1589 1336 1647 dolenteS,

233 1685 283 1725 et
305 1677 499 1725 Niobes
526 1676 762 1724 lacrimas
790 1678 1078 1739 supprimat
1102 1678 1213 1738 ipse
1241 1675 1388 1737 lapis,

159 1767 439 1828 alcyonum
465 1764 646 1827 posiris
673 1765 1002 1827 requiescant
1028 1779 1119 1812 ora
1145 1763 1408 1826 querelli8‚

55 1864 116 1904 10
232 1855 464 1915 increpet
488 1855 814 1915 absumptum
841 1868 937 1902 nec
963 1869 1058 1902 sua
1082 1860 1243 1901 mater
1266 1853 1401 1913 Ityn.

158 1950 338 2005 tuque,
372 1956 402 1989 o
430 1957 550 1990 cara
576 1943 717 2001 mihi,
750 1942 989 1991 felicibus
1018 1943 1153 1990 edita
1179 1941 1381 2004 pennis,

235 2044 391 2092 surge
418 2036 467 2076 et
491 2037 765 2092 poscentes
790 2030 927 2077 iusta
952 2044 1164 2093 precare
1187 2030 1330 2078 deos.

161 2133 224 2166 ac
252 2117 474 2181 primum
500 2132 630 2179 pura
656 2132 895 2165 somnum
922 2118 1017 2166 tibi
1042 2118 1241 2166 discute
1264 2116 1475 2180 lympha

236 2213 287 2253 et
314 2205 504 2253 nitidas
531 2220 709 2268 presso
736 2206 926 2267 pollice
953 2206 1091 2268 finge
1118 2221 1317 2254 comas:

49 2304 114 2345 15
160 2294 301 2354 dein,
334 2309 437 2356 qua
463 2294 683 2356 primum
709 2295 888 2342 oculos
916 2295 1098 2357 cepisti
1132 2301 1274 2342 veste
1297 2292 1556 2356 Properti,

234 2383 409 2441 indue,
441 2397 538 2430 nec
563 2397 780 2431 vacuum
804 2384 932 2432 flore
957 2383 1192 2446 relinque
1219 2388 1400 2445 caput:

160 2478 213 2519 et
238 2479 373 2534 pete,
406 2486 508 2534 qua
538 2472 722 2533 polles,
756 2478 813 2519 ut
836 2472 903 2520 sit
928 2473 1021 2520 tibi
1045 2472 1212 2519 forma
1236 2470 1476 2533 perennis

234 2560 394 2622 inque
419 2574 588 2608 meum
616 2573 818 2622 semper
842 2568 980 2610 stent
1003 2568 1091 2609 tua
1117 2574 1280 2623 regna
1306 2564 1482 2621 caput.

157 2649 284 2698 inde
312 2655 585 2697 coronatas
613 2649 701 2696 ubi
728 2655 841 2698 ture
866 2649 1086 2713 piaveris
1113 2628 1257 2707 aras,⁸
