1942 3000
813 172 1008 214 LIBER.
1070 208 1074 212 .
1551 167 1658 220 105

238 329 378 377 culos
406 336 457 377 et
482 329 713 392 crepidas
741 329 938 391 lingere
964 328 1273 390 carpatinas.

105 429 127 466 5
169 418 210 465 si
236 432 328 465 nos
357 418 568 465 omnino
594 418 666 467 vis
695 432 873 466 omnes
898 417 1130 481 perdere,
1163 416 1310 475 Vitti,

237 506 429 554 hiscas:
475 506 684 554 omnino
711 506 850 568 quod
877 506 1021 568 cupis
1050 505 1260 553 efficies,

748 694 1066 701 ——m

695 877 1114 925 LXXXXVIIII.

166 1036 400 1100 Surripui
427 1037 536 1098 tibi,
570 1037 691 1086 dum
717 1037 870 1095 ludis,
902 1036 1098 1085 mellite
1123 1037 1340 1095 Iuventi,

236 1126 485 1174 saviolum
511 1126 649 1174 dulci
676 1126 877 1174 dulcius
904 1126 1178 1175 ambrosia.

164 1229 337 1264 verum
361 1215 413 1262 id
440 1230 545 1263 non
570 1215 766 1278 inpune
792 1216 886 1263 tuli
907 1232 917 1261 :
961 1229 1185 1278 namque
1210 1214 1428 1277 amplius
1455 1214 1638 1262 horam

237 1304 480 1352 suffixum
505 1303 559 1351 in
587 1318 784 1352 summa
809 1318 890 1352 me
914 1304 1126 1352 memini
1155 1317 1266 1351 esse
1290 1317 1458 1363 cruce,

93 1401 119 1440 5
151 1392 273 1440 dum
296 1392 391 1440 tibi
417 1406 497 1440 me
524 1406 689 1455 purgo
715 1407 812 1440 nee
840 1407 1052 1455 possum
1079 1391 1282 1440 fletibus
1311 1392 1430 1440 ullis

232 1480 492 1528 tantillum
516 1487 714 1529 vestrae
739 1479 940 1529 demere
970 1479 1229 1529 saevitiae.

162 1585 284 1618 nam
311 1570 460 1617 simul
486 1569 537 1616 id
564 1569 758 1617 factum
784 1577 875 1629 est,
906 1570 1083 1617 multis
1111 1570 1271 1617 diluta
1296 1569 1488 1617 labella

235 1658 466 1706 abstersti
494 1658 649 1721 guttis
677 1659 914 1706 omnibus
941 1658 1190 1718 articuliS,

162 1760 229 1794 ne
256 1745 535 1809 quicquam
561 1755 739 1795 nostro
767 1754 1089 1795 contractum
1117 1761 1182 1794 ex
1208 1760 1296 1794 ore
1321 1752 1572 1802 maneret,

55 1843 116 1884 10
234 1841 497 1898 tamquam
524 1835 811 1883 conmictae
835 1850 1024 1898 spurca
1049 1835 1209 1883 saliva
1233 1835 1405 1897 lupae.

158 1930 427 1987 praeterea
451 1923 639 1971 infesto
665 1924 908 1972 miserum
934 1937 1016 1971 me
1043 1923 1241 1971 tradere
1265 1922 1448 1970 Amori

233 2027 341 2060 non
369 2013 580 2061 cessasti
607 2012 850 2075 omnique
877 2012 1174 2061 excruciare
1197 2011 1371 2070 modo,

157 2109 217 2150 ut
242 2101 315 2149 mi
341 2115 405 2149 ex
430 2102 687 2149 ambrosia
710 2109 964 2149 mutatum
988 2102 1091 2148 iam
1118 2100 1251 2148 foret
1275 2099 1401 2147 illud

232 2189 487 2238 saviolum
510 2190 642 2238 tristi
670 2190 863 2238 tristius
890 2189 1173 2237 helleboro.

48 2286 109 2327 15
144 2293 306 2341 quam
336 2277 583 2340 quoniam
606 2292 829 2341 poenam
853 2277 1042 2325 misero
1069 2275 1318 2339 proponis
1344 2275 1525 2334 amori,

233 2381 518 2429 numquam
542 2366 647 2415 iam
671 2367 884 2429 posthac
913 2366 1060 2415 basia
1085 2365 1372 2427 surripiam.
