<?xml version="1.0" encoding="UTF-8"?>
<!DOCTYPE html PUBLIC "-//W3C//DTD XHTML 1.0 Transitional//EN"
    "http://www.w3.org/TR/xhtml1/DTD/xhtml1-transitional.dtd">
<html xmlns="http://www.w3.org/1999/xhtml" xml:lang="en" lang="en">
 <head>
  <title>
</title>
<meta http-equiv="Content-Type" content="text/html;charset=utf-8" />
  <meta name='ocr-system' content='tesseract 3.04.00' />
  <meta name='ocr-capabilities' content='ocr_page ocr_carea ocr_par ocr_line ocrx_word'/>
</head>
<body>
  <div class='ocr_page' id='page_1' title='image "./catullitibullip02vahlgoog_0284.png"; bbox 0 0 1942 3000; ppageno 0'>
   <div class='ocr_carea' id='block_1_1' title="bbox 256 157 1159 209">
    <p class='ocr_par' dir='ltr' id='par_1_1' title="bbox 256 157 1159 209">
     <span class='ocr_line' id='line_1_1' title="bbox 256 157 1159 209; baseline 0 -15"><span class='ocrx_word' id='word_1_1' title='bbox 256 158 364 209; x_wconf 77' lang='lat'><strong>274</strong></span> <span class='ocrx_word' id='word_1_2' title='bbox 846 157 1159 195; x_wconf 73' lang='lat' dir='ltr'><strong>PROPERTn</strong></span> 
     </span>
    </p>
   </div>
   <div class='ocr_carea' id='block_1_2' title="bbox 878 489 1119 537">
    <p class='ocr_par' dir='ltr' id='par_1_2' title="bbox 878 489 1119 537">
     <span class='ocr_line' id='line_1_2' title="bbox 878 489 1119 537; baseline -0.004 0"><span class='ocrx_word' id='word_1_3' title='bbox 878 489 1056 537; x_wconf 84' lang='lat' dir='ltr'>XXVI</span> <span class='ocrx_word' id='word_1_4' title='bbox 1069 490 1119 537; x_wconf 86' lang='lat' dir='ltr'><strong>b.</strong></span> 
     </span>
    </p>
   </div>
   <div class='ocr_carea' id='block_1_3' title="bbox 138 664 1742 2667">
    <p class='ocr_par' dir='ltr' id='par_1_3' title="bbox 146 664 1742 1875">
     <span class='ocr_line' id='line_1_3' title="bbox 252 664 1590 729; baseline -0.003 -13"><span class='ocrx_word' id='word_1_5' title='bbox 252 669 401 717; x_wconf 84' lang='lat' dir='ltr'><strong>Nunc</strong></span> <span class='ocrx_word' id='word_1_6' title='bbox 426 668 741 716; x_wconf 69' lang='lat' dir='ltr'><strong>admirentur</strong></span> <span class='ocrx_word' id='word_1_7' title='bbox 765 667 904 729; x_wconf 89' lang='lat' dir='ltr'><strong>quod</strong></span> <span class='ocrx_word' id='word_1_8' title='bbox 930 672 1037 714; x_wconf 85' lang='lat' dir='ltr'><strong>tam</strong></span> <span class='ocrx_word' id='word_1_9' title='bbox 1062 664 1184 713; x_wconf 89' lang='lat' dir='ltr'><strong>mihi</strong></span> <span class='ocrx_word' id='word_1_10' title='bbox 1211 665 1391 727; x_wconf 88' lang='lat' dir='ltr'><strong>pulcra</strong></span> <span class='ocrx_word' id='word_1_11' title='bbox 1416 665 1590 728; x_wconf 86' lang='lat' dir='ltr'><strong>puella</strong></span> 
     </span>
     <span class='ocr_line' id='line_1_4' title="bbox 324 755 1351 816; baseline -0.003 -12"><span class='ocrx_word' id='word_1_12' title='bbox 324 756 509 804; x_wconf 83' lang='lat' dir='ltr'><strong>serviat</strong></span> <span class='ocrx_word' id='word_1_13' title='bbox 535 764 585 804; x_wconf 90' lang='lat' dir='ltr'><strong>et</strong></span> <span class='ocrx_word' id='word_1_14' title='bbox 608 763 721 804; x_wconf 86' lang='lat' dir='ltr'><strong>tota</strong></span> <span class='ocrx_word' id='word_1_15' title='bbox 746 755 888 804; x_wconf 86' lang='lat' dir='ltr'><strong>dicar</strong></span> <span class='ocrx_word' id='word_1_16' title='bbox 913 755 967 803; x_wconf 91' lang='lat' dir='ltr'><strong>in</strong></span> <span class='ocrx_word' id='word_1_17' title='bbox 994 755 1120 802; x_wconf 87' lang='lat' dir='ltr'><strong>urbe</strong></span> <span class='ocrx_word' id='word_1_18' title='bbox 1148 761 1351 816; x_wconf 85' lang='lat' dir='ltr'><strong>potens.</strong></span> 
     </span>
     <span class='ocr_line' id='line_1_5' title="bbox 252 842 1552 904; baseline -0.003 -10"><span class='ocrx_word' id='word_1_19' title='bbox 252 860 377 904; x_wconf 89' lang='lat' dir='ltr'><strong>non,</strong></span> <span class='ocrx_word' id='word_1_20' title='bbox 410 845 453 892; x_wconf 87' lang='lat' dir='ltr'><strong>si</strong></span> <span class='ocrx_word' id='word_1_21' title='bbox 480 843 778 892; x_wconf 83' lang='lat' dir='ltr'><strong>Cambletae</strong></span> <span class='ocrx_word' id='word_1_22' title='bbox 803 844 1015 892; x_wconf 80' lang='lat' dir='ltr'><strong>redeant</strong></span> <span class='ocrx_word' id='word_1_23' title='bbox 1041 852 1091 890; x_wconf 88' lang='lat' dir='ltr'><strong>et</strong></span> <span class='ocrx_word' id='word_1_24' title='bbox 1115 843 1329 891; x_wconf 84' lang='lat' dir='ltr'><strong>flumina</strong></span> <span class='ocrx_word' id='word_1_25' title='bbox 1354 842 1552 903; x_wconf 84' lang='lat' dir='ltr'><strong>Croesi,</strong></span> 
     </span>
     <span class='ocr_line' id='line_1_6' title="bbox 323 932 1359 993; baseline -0.002 -12"><span class='ocrx_word' id='word_1_26' title='bbox 323 933 459 981; x_wconf 82' lang='lat' dir='ltr'><strong>dicat</strong></span> <span class='ocrx_word' id='word_1_27' title='bbox 481 933 561 980; x_wconf 83' lang='lat' dir='ltr'><strong>‘de</strong></span> <span class='ocrx_word' id='word_1_28' title='bbox 586 940 766 980; x_wconf 86' lang='lat' dir='ltr'><strong>nostro</strong></span> <span class='ocrx_word' id='word_1_29' title='bbox 795 945 967 993; x_wconf 86' lang='lat' dir='ltr'><strong>surge,</strong></span> <span class='ocrx_word' id='word_1_30' title='bbox 1000 938 1170 993; x_wconf 84' lang='lat' dir='ltr'><strong>poeta,</strong></span> <span class='ocrx_word' id='word_1_31' title='bbox 1204 932 1359 980; x_wconf 87' lang='lat' dir='ltr'><strong>tor0.&#39;</strong></span> 
     </span>
     <span class='ocr_line' id='line_1_7' title="bbox 148 1019 1543 1077; baseline -0.001 -7"><span class='ocrx_word' id='word_1_32' title='bbox 148 1030 209 1071; x_wconf 82' lang='lat'><strong>25</strong></span> <span class='ocrx_word' id='word_1_33' title='bbox 251 1036 370 1072; x_wconf 87' lang='lat' dir='ltr'><strong>nam</strong></span> <span class='ocrx_word' id='word_1_34' title='bbox 393 1035 509 1069; x_wconf 87' lang='lat' dir='ltr'><strong>mea</strong></span> <span class='ocrx_word' id='word_1_35' title='bbox 535 1036 653 1069; x_wconf 89' lang='lat' dir='ltr'><strong>cum</strong></span> <span class='ocrx_word' id='word_1_36' title='bbox 677 1019 874 1077; x_wconf 75' lang='lat' dir='ltr'><strong>recitat,</strong></span> <span class='ocrx_word' id='word_1_37' title='bbox 905 1019 1032 1066; x_wconf 84' lang='lat' dir='ltr'><strong>dicit</strong></span> <span class='ocrx_word' id='word_1_38' title='bbox 1057 1033 1113 1067; x_wconf 86' lang='lat' dir='ltr'><strong>se</strong></span> <span class='ocrx_word' id='word_1_39' title='bbox 1142 1020 1314 1067; x_wconf 87' lang='lat' dir='ltr'><strong>odisse</strong></span> <span class='ocrx_word' id='word_1_40' title='bbox 1339 1020 1543 1068; x_wconf 84' lang='lat' dir='ltr'><strong>beatos:</strong></span> 
     </span>
     <span class='ocr_line' id='line_1_8' title="bbox 324 1107 1424 1169; baseline -0.002 -12"><span class='ocrx_word' id='word_1_41' title='bbox 324 1109 549 1157; x_wconf 81' lang='lat' dir='ltr'><strong>carmina</strong></span> <span class='ocrx_word' id='word_1_42' title='bbox 576 1116 682 1156; x_wconf 90' lang='lat' dir='ltr'><strong>tam</strong></span> <span class='ocrx_word' id='word_1_43' title='bbox 706 1116 882 1155; x_wconf 85' lang='lat' dir='ltr'><strong>sancte</strong></span> <span class='ocrx_word' id='word_1_44' title='bbox 907 1107 1053 1154; x_wconf 87' lang='lat' dir='ltr'><strong>nulla</strong></span> <span class='ocrx_word' id='word_1_45' title='bbox 1079 1107 1253 1169; x_wconf 86' lang='lat' dir='ltr'><strong>puella</strong></span> <span class='ocrx_word' id='word_1_46' title='bbox 1281 1107 1424 1155; x_wconf 88' lang='lat' dir='ltr'><strong>colit.</strong></span> 
     </span>
     <span class='ocr_line' id='line_1_9' title="bbox 248 1194 1742 1259; baseline 0 -14"><span class='ocrx_word' id='word_1_47' title='bbox 248 1198 469 1245; x_wconf 89' lang='lat' dir='ltr'><strong>multum</strong></span> <span class='ocrx_word' id='word_1_48' title='bbox 493 1196 549 1244; x_wconf 90' lang='lat' dir='ltr'><strong>in</strong></span> <span class='ocrx_word' id='word_1_49' title='bbox 574 1209 751 1243; x_wconf 88' lang='lat' dir='ltr'><strong>amore</strong></span> <span class='ocrx_word' id='word_1_50' title='bbox 776 1194 918 1253; x_wconf 78' lang='lat' dir='ltr'><strong>fideS‚</strong></span> <span class='ocrx_word' id='word_1_51' title='bbox 949 1194 1170 1243; x_wconf 87' lang='lat' dir='ltr'><strong>multum</strong></span> <span class='ocrx_word' id='word_1_52' title='bbox 1195 1195 1488 1244; x_wconf 83' lang='lat' dir='ltr'><strong>constantia</strong></span> <span class='ocrx_word' id='word_1_53' title='bbox 1508 1196 1742 1259; x_wconf 81' lang='lat' dir='ltr'><strong>prodest:</strong></span> 
     </span>
     <span class='ocr_line' id='line_1_10' title="bbox 320 1282 1636 1346; baseline 0.001 -16"><span class='ocrx_word' id='word_1_54' title='bbox 320 1283 407 1346; x_wconf 90' lang='lat' dir='ltr'><strong>qui</strong></span> <span class='ocrx_word' id='word_1_55' title='bbox 435 1283 554 1330; x_wconf 84' lang='lat' dir='ltr'><strong>dare</strong></span> <span class='ocrx_word' id='word_1_56' title='bbox 579 1283 743 1331; x_wconf 86' lang='lat' dir='ltr'><strong>multa</strong></span> <span class='ocrx_word' id='word_1_57' title='bbox 766 1288 954 1344; x_wconf 85' lang='lat' dir='ltr'><strong>potest,</strong></span> <span class='ocrx_word' id='word_1_58' title='bbox 986 1282 1149 1330; x_wconf 85' lang='lat' dir='ltr'><strong>multa</strong></span> <span class='ocrx_word' id='word_1_59' title='bbox 1174 1290 1227 1330; x_wconf 87' lang='lat' dir='ltr'><strong>et</strong></span> <span class='ocrx_word' id='word_1_60' title='bbox 1250 1297 1424 1331; x_wconf 86' lang='lat' dir='ltr'><strong>amare</strong></span> <span class='ocrx_word' id='word_1_61' title='bbox 1449 1290 1636 1346; x_wconf 88' lang='lat' dir='ltr'><strong>potest.</strong></span> 
     </span>
     <span class='ocr_line' id='line_1_11' title="bbox 249 1370 1538 1434; baseline 0 -14"><span class='ocrx_word' id='word_1_62' title='bbox 249 1386 340 1421; x_wconf 90' lang='lat' dir='ltr'><strong>seu</strong></span> <span class='ocrx_word' id='word_1_63' title='bbox 363 1385 502 1419; x_wconf 86' lang='lat' dir='ltr'><strong>mare</strong></span> <span class='ocrx_word' id='word_1_64' title='bbox 528 1383 620 1433; x_wconf 87' lang='lat' dir='ltr'><strong>per</strong></span> <span class='ocrx_word' id='word_1_65' title='bbox 644 1371 862 1432; x_wconf 82' lang='lat' dir='ltr'><strong>longum</strong></span> <span class='ocrx_word' id='word_1_66' title='bbox 885 1384 1001 1418; x_wconf 88' lang='lat' dir='ltr'><strong>mea</strong></span> <span class='ocrx_word' id='word_1_67' title='bbox 1030 1370 1222 1434; x_wconf 82' lang='lat' dir='ltr'><strong>cogitet</strong></span> <span class='ocrx_word' id='word_1_68' title='bbox 1245 1372 1319 1420; x_wconf 90' lang='lat' dir='ltr'><strong>ire</strong></span> <span class='ocrx_word' id='word_1_69' title='bbox 1345 1372 1538 1434; x_wconf 86' lang='lat' dir='ltr'><strong>puella,</strong></span> 
     </span>
     <span class='ocr_line' id='line_1_12' title="bbox 146 1459 1520 1522; baseline 0 -12"><span class='ocrx_word' id='word_1_70' title='bbox 146 1468 206 1510; x_wconf 89' lang='grc'><strong>30</strong></span> <span class='ocrx_word' id='word_1_71' title='bbox 320 1459 453 1509; x_wconf 86' lang='lat' dir='ltr'><strong>hanc</strong></span> <span class='ocrx_word' id='word_1_72' title='bbox 479 1473 683 1522; x_wconf 88' lang='lat' dir='ltr'><strong>sequar,</strong></span> <span class='ocrx_word' id='word_1_73' title='bbox 716 1465 765 1507; x_wconf 88' lang='lat' dir='ltr'><strong>et</strong></span> <span class='ocrx_word' id='word_1_74' title='bbox 791 1459 917 1508; x_wconf 88' lang='lat' dir='ltr'><strong>fidos</strong></span> <span class='ocrx_word' id='word_1_75' title='bbox 945 1473 1052 1507; x_wconf 85' lang='lat' dir='ltr'><strong>una</strong></span> <span class='ocrx_word' id='word_1_76' title='bbox 1077 1466 1196 1522; x_wconf 85' lang='lat' dir='ltr'><strong>aget</strong></span> <span class='ocrx_word' id='word_1_77' title='bbox 1221 1474 1347 1509; x_wconf 85' lang='lat' dir='ltr'><strong>aura</strong></span> <span class='ocrx_word' id='word_1_78' title='bbox 1373 1459 1520 1510; x_wconf 86' lang='lat' dir='ltr'><strong>duos.</strong></span> 
     </span>
     <span class='ocr_line' id='line_1_13' title="bbox 248 1547 1284 1611; baseline 0.003 -16"><span class='ocrx_word' id='word_1_79' title='bbox 248 1563 410 1595; x_wconf 88' lang='lat' dir='ltr'><strong>unum</strong></span> <span class='ocrx_word' id='word_1_80' title='bbox 436 1548 558 1596; x_wconf 89' lang='lat' dir='ltr'><strong>litus</strong></span> <span class='ocrx_word' id='word_1_81' title='bbox 587 1548 682 1596; x_wconf 89' lang='lat' dir='ltr'><strong>erit</strong></span> <span class='ocrx_word' id='word_1_82' title='bbox 708 1547 888 1610; x_wconf 85' lang='lat' dir='ltr'><strong>sopitis</strong></span> <span class='ocrx_word' id='word_1_83' title='bbox 914 1563 1124 1611; x_wconf 87' lang='lat' dir='ltr'><strong>unaque</strong></span> <span class='ocrx_word' id='word_1_84' title='bbox 1148 1557 1284 1598; x_wconf 85' lang='lat' dir='ltr'><strong>tecto</strong></span> 
     </span>
     <span class='ocr_line' id='line_1_14' title="bbox 317 1637 1412 1700; baseline 0.004 -17"><span class='ocrx_word' id='word_1_85' title='bbox 317 1637 487 1696; x_wconf 84' lang='lat' dir='ltr'><strong>arbor,</strong></span> <span class='ocrx_word' id='word_1_86' title='bbox 520 1643 571 1684; x_wconf 88' lang='lat' dir='ltr'><strong>et</strong></span> <span class='ocrx_word' id='word_1_87' title='bbox 594 1650 661 1684; x_wconf 80' lang='lat' dir='ltr'><strong>ex</strong></span> <span class='ocrx_word' id='word_1_88' title='bbox 686 1651 790 1684; x_wconf 87' lang='lat' dir='ltr'><strong>una</strong></span> <span class='ocrx_word' id='word_1_89' title='bbox 816 1652 971 1700; x_wconf 82' lang='lat' dir='ltr'><strong>saepe</strong></span> <span class='ocrx_word' id='word_1_90' title='bbox 1000 1638 1234 1687; x_wconf 81' lang='lat' dir='ltr'><strong>bibemus</strong></span> <span class='ocrx_word' id='word_1_91' title='bbox 1259 1653 1412 1700; x_wconf 85' lang='lat' dir='ltr'><strong>aqua,</strong></span> 
     </span>
     <span class='ocr_line' id='line_1_15' title="bbox 247 1724 1598 1789; baseline 0.001 -17"><span class='ocrx_word' id='word_1_92' title='bbox 247 1730 297 1772; x_wconf 89' lang='lat' dir='ltr'><strong>et</strong></span> <span class='ocrx_word' id='word_1_93' title='bbox 323 1724 499 1773; x_wconf 82' lang='lat' dir='ltr'><strong>tabula</strong></span> <span class='ocrx_word' id='word_1_94' title='bbox 526 1740 629 1772; x_wconf 90' lang='lat' dir='ltr'><strong>una</strong></span> <span class='ocrx_word' id='word_1_95' title='bbox 657 1726 786 1773; x_wconf 88' lang='lat' dir='ltr'><strong>duos</strong></span> <span class='ocrx_word' id='word_1_96' title='bbox 813 1727 1004 1788; x_wconf 88' lang='lat' dir='ltr'><strong>poterit</strong></span> <span class='ocrx_word' id='word_1_97' title='bbox 1029 1740 1323 1789; x_wconf 85' lang='lat' dir='ltr'><strong>conponere</strong></span> <span class='ocrx_word' id='word_1_98' title='bbox 1348 1733 1598 1787; x_wconf 72' lang='lat' dir='ltr'><strong>amanteS,</strong></span> 
     </span>
     <span class='ocr_line' id='line_1_16' title="bbox 318 1812 1446 1875; baseline 0.001 -16"><span class='ocrx_word' id='word_1_99' title='bbox 318 1827 472 1875; x_wconf 86' lang='lat' dir='ltr'><strong>prora</strong></span> <span class='ocrx_word' id='word_1_100' title='bbox 499 1813 668 1861; x_wconf 89' lang='lat' dir='ltr'><strong>cubile</strong></span> <span class='ocrx_word' id='word_1_101' title='bbox 692 1812 817 1860; x_wconf 89' lang='lat' dir='ltr'><strong>mihi</strong></span> <span class='ocrx_word' id='word_1_102' title='bbox 845 1827 938 1861; x_wconf 86' lang='lat' dir='ltr'><strong>seu</strong></span> <span class='ocrx_word' id='word_1_103' title='bbox 962 1812 1091 1860; x_wconf 90' lang='lat' dir='ltr'><strong>mihi</strong></span> <span class='ocrx_word' id='word_1_104' title='bbox 1118 1813 1306 1875; x_wconf 84' lang='lat' dir='ltr'><strong>puppis</strong></span> <span class='ocrx_word' id='word_1_105' title='bbox 1333 1813 1446 1860; x_wconf 84' lang='lat' dir='ltr'><strong>erit.</strong></span> 
     </span>
    </p>

    <p class='ocr_par' dir='ltr' id='par_1_4' title="bbox 143 1900 1529 2138">
     <span class='ocr_line' id='line_1_17' title="bbox 143 1900 1506 1963; baseline 0 -15"><span class='ocrx_word' id='word_1_106' title='bbox 143 1907 204 1948; x_wconf 84' lang='lat'><strong>35</strong></span> <span class='ocrx_word' id='word_1_107' title='bbox 248 1900 421 1949; x_wconf 90' lang='lat' dir='ltr'><strong>omnia</strong></span> <span class='ocrx_word' id='word_1_108' title='bbox 446 1900 730 1963; x_wconf 85' lang='lat' dir='ltr'><strong>perpetiar:</strong></span> <span class='ocrx_word' id='word_1_109' title='bbox 777 1914 956 1948; x_wconf 86' lang='lat' dir='ltr'><strong>saevus</strong></span> <span class='ocrx_word' id='word_1_110' title='bbox 985 1900 1105 1948; x_wconf 85' lang='lat' dir='ltr'><strong>licet</strong></span> <span class='ocrx_word' id='word_1_111' title='bbox 1131 1907 1310 1962; x_wconf 88' lang='lat' dir='ltr'><strong>urgeat</strong></span> <span class='ocrx_word' id='word_1_112' title='bbox 1335 1914 1506 1961; x_wconf 88' lang='lat' dir='ltr'><strong>eurus,</strong></span> 
     </span>
     <span class='ocr_line' id='line_1_18' title="bbox 316 1988 1493 2052; baseline 0.002 -17"><span class='ocrx_word' id='word_1_113' title='bbox 316 1989 530 2050; x_wconf 81' lang='lat' dir='ltr'><strong>velaque</strong></span> <span class='ocrx_word' id='word_1_114' title='bbox 554 1989 612 2036; x_wconf 89' lang='lat' dir='ltr'><strong>in</strong></span> <span class='ocrx_word' id='word_1_115' title='bbox 636 1989 892 2037; x_wconf 84' lang='lat' dir='ltr'><strong>incertum</strong></span> <span class='ocrx_word' id='word_1_116' title='bbox 917 1988 1133 2051; x_wconf 85' lang='lat' dir='ltr'><strong>frigidus</strong></span> <span class='ocrx_word' id='word_1_117' title='bbox 1160 1997 1332 2037; x_wconf 82' lang='lat' dir='ltr'><strong>auster</strong></span> <span class='ocrx_word' id='word_1_118' title='bbox 1354 1996 1493 2052; x_wconf 83' lang='lat' dir='ltr'><strong>agat,</strong></span> 
     </span>
     <span class='ocr_line' id='line_1_19' title="bbox 246 2075 1529 2138; baseline 0.003 -16"><span class='ocrx_word' id='word_1_119' title='bbox 246 2076 553 2138; x_wconf 73' lang='lat' dir='ltr'><strong>quicumque</strong></span> <span class='ocrx_word' id='word_1_120' title='bbox 581 2082 632 2123; x_wconf 89' lang='lat' dir='ltr'><strong>et</strong></span> <span class='ocrx_word' id='word_1_121' title='bbox 658 2075 793 2123; x_wconf 85' lang='lat' dir='ltr'><strong>venti</strong></span> <span class='ocrx_word' id='word_1_122' title='bbox 818 2076 1060 2124; x_wconf 86' lang='lat' dir='ltr'><strong>miserum</strong></span> <span class='ocrx_word' id='word_1_123' title='bbox 1093 2078 1313 2126; x_wconf 82' lang='lat' dir='ltr'><strong>vexastis</strong></span> <span class='ocrx_word' id='word_1_124' title='bbox 1339 2076 1529 2128; x_wconf 81' lang='lat' dir='ltr'><strong>Ulixen</strong></span> 
     </span>
    </p>

    <p class='ocr_par' dir='ltr' id='par_1_5' title="bbox 138 2162 1504 2667">
     <span class='ocr_line' id='line_1_20' title="bbox 316 2162 1417 2225; baseline 0.005 -17"><span class='ocrx_word' id='word_1_125' title='bbox 316 2171 365 2209; x_wconf 90' lang='lat' dir='ltr'><strong>et</strong></span> <span class='ocrx_word' id='word_1_126' title='bbox 387 2162 628 2211; x_wconf 84' lang='lat' dir='ltr'><strong>Danaum</strong></span> <span class='ocrx_word' id='word_1_127' title='bbox 651 2163 887 2212; x_wconf 89' lang='lat' dir='ltr'><strong>Euboico</strong></span> <span class='ocrx_word' id='word_1_128' title='bbox 914 2165 1065 2212; x_wconf 79' lang='lat' dir='ltr'><strong>litore</strong></span> <span class='ocrx_word' id='word_1_129' title='bbox 1097 2166 1240 2213; x_wconf 80' lang='lat' dir='ltr'><strong>mille</strong></span> <span class='ocrx_word' id='word_1_130' title='bbox 1266 2174 1417 2225; x_wconf 83' lang='lat' dir='ltr'><strong>rates,</strong></span> 
     </span>
     <span class='ocr_line' id='line_1_21' title="bbox 244 2250 1504 2315; baseline 0.002 -17"><span class='ocrx_word' id='word_1_131' title='bbox 244 2258 295 2298; x_wconf 86' lang='lat' dir='ltr'><strong>et</strong></span> <span class='ocrx_word' id='word_1_132' title='bbox 319 2251 408 2312; x_wconf 89' lang='lat' dir='ltr'><strong>qui</strong></span> <span class='ocrx_word' id='word_1_133' title='bbox 435 2250 663 2299; x_wconf 84' lang='lat' dir='ltr'><strong>movistis</strong></span> <span class='ocrx_word' id='word_1_134' title='bbox 690 2251 792 2299; x_wconf 91' lang='lat' dir='ltr'><strong>duo</strong></span> <span class='ocrx_word' id='word_1_135' title='bbox 820 2252 993 2312; x_wconf 86' lang='lat' dir='ltr'><strong>litora,</strong></span> <span class='ocrx_word' id='word_1_136' title='bbox 1027 2268 1144 2301; x_wconf 88' lang='lat' dir='ltr'><strong>cum</strong></span> <span class='ocrx_word' id='word_1_137' title='bbox 1168 2253 1306 2301; x_wconf 88' lang='lat' dir='ltr'><strong>rudis</strong></span> <span class='ocrx_word' id='word_1_138' title='bbox 1331 2254 1504 2315; x_wconf 86' lang='lat' dir='ltr'><strong>Argus</strong></span> 
     </span>
     <span class='ocr_line' id='line_1_22' title="bbox 138 2338 1379 2401; baseline 0.004 -17"><span class='ocrx_word' id='word_1_139' title='bbox 138 2345 200 2385; x_wconf 83' lang='lat'><strong>40</strong></span> <span class='ocrx_word' id='word_1_140' title='bbox 314 2338 419 2385; x_wconf 84' lang='lat' dir='ltr'><strong>dux</strong></span> <span class='ocrx_word' id='word_1_141' title='bbox 445 2347 554 2386; x_wconf 90' lang='lat' dir='ltr'><strong>erat</strong></span> <span class='ocrx_word' id='word_1_142' title='bbox 578 2340 761 2401; x_wconf 85' lang='lat' dir='ltr'><strong>ignoto</strong></span> <span class='ocrx_word' id='word_1_143' title='bbox 787 2340 943 2389; x_wconf 86' lang='lat' dir='ltr'><strong>missa</strong></span> <span class='ocrx_word' id='word_1_144' title='bbox 968 2342 1209 2389; x_wconf 85' lang='lat' dir='ltr'><strong>columba</strong></span> <span class='ocrx_word' id='word_1_145' title='bbox 1235 2341 1379 2389; x_wconf 84' lang='lat' dir='ltr'><strong>mari.</strong></span> 
     </span>
     <span class='ocr_line' id='line_1_23' title="bbox 240 2424 1494 2490; baseline 0.002 -18"><span class='ocrx_word' id='word_1_146' title='bbox 240 2424 333 2473; x_wconf 84' lang='lat' dir='ltr'><strong>illa</strong></span> <span class='ocrx_word' id='word_1_147' title='bbox 360 2425 486 2474; x_wconf 88' lang='lat' dir='ltr'><strong>meis</strong></span> <span class='ocrx_word' id='word_1_148' title='bbox 513 2432 712 2474; x_wconf 85' lang='lat' dir='ltr'><strong>tantum</strong></span> <span class='ocrx_word' id='word_1_149' title='bbox 738 2442 841 2476; x_wconf 89' lang='lat' dir='ltr'><strong>non</strong></span> <span class='ocrx_word' id='word_1_150' title='bbox 873 2443 1114 2490; x_wconf 83' lang='lat' dir='ltr'><strong>umquam</strong></span> <span class='ocrx_word' id='word_1_151' title='bbox 1140 2428 1271 2478; x_wconf 83' lang='lat' dir='ltr'><strong>desit</strong></span> <span class='ocrx_word' id='word_1_152' title='bbox 1292 2428 1494 2487; x_wconf 86' lang='lat' dir='ltr'><strong>ocellis,</strong></span> 
     </span>
     <span class='ocr_line' id='line_1_24' title="bbox 310 2512 1307 2579; baseline 0.004 -19"><span class='ocrx_word' id='word_1_153' title='bbox 310 2512 551 2562; x_wconf 76' lang='lat' dir='ltr'><strong>incendat</strong></span> <span class='ocrx_word' id='word_1_154' title='bbox 574 2527 758 2563; x_wconf 85' lang='lat' dir='ltr'><strong>navem</strong></span> <span class='ocrx_word' id='word_1_155' title='bbox 780 2516 1013 2579; x_wconf 87' lang='lat' dir='ltr'><strong>Iuppiter</strong></span> <span class='ocrx_word' id='word_1_156' title='bbox 1034 2515 1144 2579; x_wconf 88' lang='lat' dir='ltr'><strong>ipse</strong></span> <span class='ocrx_word' id='word_1_157' title='bbox 1170 2516 1307 2564; x_wconf 88' lang='lat' dir='ltr'><strong>licet.</strong></span> 
     </span>
     <span class='ocr_line' id='line_1_25' title="bbox 240 2601 1420 2667; baseline 0.005 -19"><span class='ocrx_word' id='word_1_158' title='bbox 240 2608 375 2649; x_wconf 86' lang='lat' dir='ltr'><strong>certe</strong></span> <span class='ocrx_word' id='word_1_159' title='bbox 399 2601 562 2650; x_wconf 87' lang='lat' dir='ltr'><strong>isdem</strong></span> <span class='ocrx_word' id='word_1_160' title='bbox 588 2602 711 2650; x_wconf 87' lang='lat' dir='ltr'><strong>nudi</strong></span> <span class='ocrx_word' id='word_1_161' title='bbox 737 2602 927 2667; x_wconf 83' lang='lat' dir='ltr'><strong>pariter</strong></span> <span class='ocrx_word' id='word_1_162' title='bbox 949 2603 1256 2652; x_wconf 78' lang='lat' dir='ltr'><strong>iactabimur</strong></span> <span class='ocrx_word' id='word_1_163' title='bbox 1282 2605 1385 2654; x_wconf 88' lang='lat' dir='ltr'><strong>oris</strong></span> <span class='ocrx_word' id='word_1_164' title='bbox 1409 2623 1420 2655; x_wconf 70' lang='grc' dir='ltr'><strong>ε</strong></span> 
     </span>
    </p>
   </div>
  </div>
 </body>
</html>
