<?xml version="1.0" encoding="UTF-8"?>
<!DOCTYPE html PUBLIC "-//W3C//DTD XHTML 1.0 Transitional//EN"
    "http://www.w3.org/TR/xhtml1/DTD/xhtml1-transitional.dtd">
<html xmlns="http://www.w3.org/1999/xhtml" xml:lang="en" lang="en">
 <head>
  <title>
</title>
<meta http-equiv="Content-Type" content="text/html;charset=utf-8" />
  <meta name='ocr-system' content='tesseract 3.04.00' />
  <meta name='ocr-capabilities' content='ocr_page ocr_carea ocr_par ocr_line ocrx_word'/>
</head>
<body>
  <div class='ocr_page' id='page_1' title='image "./catullitibullip02vahlgoog_0246.png"; bbox 0 0 1942 3000; ppageno 0'>
   <div class='ocr_carea' id='block_1_1' title="bbox 238 169 1150 220">
    <p class='ocr_par' dir='ltr' id='par_1_1' title="bbox 238 169 1150 220">
     <span class='ocr_line' id='line_1_1' title="bbox 238 169 1150 220; baseline 0 -10"><span class='ocrx_word' id='word_1_1' title='bbox 238 169 345 220; x_wconf 74' lang='lat'><strong>230</strong></span> <span class='ocrx_word' id='word_1_2' title='bbox 822 171 1150 212; x_wconf 59' lang='lat' dir='ltr'><strong>raonem-11</strong></span> 
     </span>
    </p>
   </div>
   <div class='ocr_carea' id='block_1_2' title="bbox 131 326 1734 2690">
    <p class='ocr_par' dir='ltr' id='par_1_2' title="bbox 131 326 1734 2690">
     <span class='ocr_line' id='line_1_2' title="bbox 314 326 1517 393; baseline 0 -15"><span class='ocrx_word' id='word_1_3' title='bbox 314 330 444 393; x_wconf 85' lang='lat' dir='ltr'><strong>(non</strong></span> <span class='ocrx_word' id='word_1_4' title='bbox 472 344 586 378; x_wconf 81' lang='lat' dir='ltr'><strong>sum</strong></span> <span class='ocrx_word' id='word_1_5' title='bbox 612 329 676 377; x_wconf 87' lang='lat' dir='ltr'><strong>de</strong></span> <span class='ocrx_word' id='word_1_6' title='bbox 700 328 866 377; x_wconf 87' lang='lat' dir='ltr'><strong>nihilo</strong></span> <span class='ocrx_word' id='word_1_7' title='bbox 894 328 1116 377; x_wconf 80' lang='lat' dir='ltr'><strong>blandus</strong></span> <span class='ocrx_word' id='word_1_8' title='bbox 1142 335 1344 377; x_wconf 84' lang='lat' dir='ltr'><strong>amator</strong></span> <span class='ocrx_word' id='word_1_9' title='bbox 1369 326 1517 391; x_wconf 87' lang='lat' dir='ltr'><strong>ego),</strong></span> 
     </span>
     <span class='ocr_line' id='line_1_3' title="bbox 241 416 1525 481; baseline 0 -15"><span class='ocrx_word' id='word_1_10' title='bbox 241 425 493 481; x_wconf 87' lang='lat' dir='ltr'><strong>quantum</strong></span> <span class='ocrx_word' id='word_1_11' title='bbox 517 417 658 480; x_wconf 89' lang='lat' dir='ltr'><strong>quod</strong></span> <span class='ocrx_word' id='word_1_12' title='bbox 684 417 856 479; x_wconf 83' lang='lat' dir='ltr'><strong>posito</strong></span> <span class='ocrx_word' id='word_1_13' title='bbox 881 416 1110 465; x_wconf 83' lang='lat' dir='ltr'><strong>formose</strong></span> <span class='ocrx_word' id='word_1_14' title='bbox 1136 417 1294 465; x_wconf 80' lang='lat' dir='ltr'><strong>saltat</strong></span> <span class='ocrx_word' id='word_1_15' title='bbox 1316 416 1525 478; x_wconf 82' lang='lat' dir='ltr'><strong>Iacche,</strong></span> 
     </span>
     <span class='ocr_line' id='line_1_4' title="bbox 313 504 1392 567; baseline -0.001 -13"><span class='ocrx_word' id='word_1_16' title='bbox 313 505 419 567; x_wconf 83' lang='lat' dir='ltr'><strong>egit</strong></span> <span class='ocrx_word' id='word_1_17' title='bbox 442 512 501 554; x_wconf 82' lang='lat' dir='ltr'><strong>ut</strong></span> <span class='ocrx_word' id='word_1_18' title='bbox 525 504 773 553; x_wconf 83' lang='lat' dir='ltr'><strong>euhantes</strong></span> <span class='ocrx_word' id='word_1_19' title='bbox 800 505 904 552; x_wconf 83' lang='lat' dir='ltr'><strong>dux</strong></span> <span class='ocrx_word' id='word_1_20' title='bbox 924 505 1162 553; x_wconf 89' lang='lat' dir='ltr'><strong>Ariadna</strong></span> <span class='ocrx_word' id='word_1_21' title='bbox 1185 505 1392 565; x_wconf 77' lang='lat' dir='ltr'><strong>ehor08‚</strong></span> 
     </span>
     <span class='ocr_line' id='line_1_5' title="bbox 240 592 1734 657; baseline 0 -14"><span class='ocrx_word' id='word_1_22' title='bbox 240 601 291 643; x_wconf 86' lang='lat' dir='ltr'><strong>et</strong></span> <span class='ocrx_word' id='word_1_23' title='bbox 316 600 592 657; x_wconf 88' lang='lat' dir='ltr'><strong>quantum,</strong></span> <span class='ocrx_word' id='word_1_24' title='bbox 634 592 821 641; x_wconf 89' lang='lat' dir='ltr'><strong>Aeolio</strong></span> <span class='ocrx_word' id='word_1_25' title='bbox 859 595 977 641; x_wconf 75' lang='lat' dir='ltr'><strong>euni</strong></span> <span class='ocrx_word' id='word_1_26' title='bbox 1012 600 1228 657; x_wconf 76' lang='lat' dir='ltr'><strong>temptat</strong></span> <span class='ocrx_word' id='word_1_27' title='bbox 1253 593 1481 643; x_wconf 87' lang='lat' dir='ltr'><strong>earmina</strong></span> <span class='ocrx_word' id='word_1_28' title='bbox 1514 593 1734 657; x_wconf 54' lang='lat' dir='ltr'><strong>plectam,</strong></span> 
     </span>
     <span class='ocr_line' id='line_1_6' title="bbox 137 680 1339 745; baseline 0 -14"><span class='ocrx_word' id='word_1_29' title='bbox 137 689 199 731; x_wconf 87' lang='lat'><strong>20</strong></span> <span class='ocrx_word' id='word_1_30' title='bbox 312 696 407 744; x_wconf 87' lang='lat' dir='ltr'><strong>par</strong></span> <span class='ocrx_word' id='word_1_31' title='bbox 430 680 767 744; x_wconf 80' lang='lat' dir='ltr'>Aganippeae</span> <span class='ocrx_word' id='word_1_32' title='bbox 794 681 970 730; x_wconf 89' lang='lat' dir='ltr'><strong>ludere</strong></span> <span class='ocrx_word' id='word_1_33' title='bbox 999 682 1153 731; x_wconf 76' lang='lat' dir='ltr'><strong>docta</strong></span> <span class='ocrx_word' id='word_1_34' title='bbox 1180 682 1339 745; x_wconf 82' lang='lat' dir='ltr'><strong>lyrae,</strong></span> 
     </span>
     <span class='ocr_line' id='line_1_7' title="bbox 241 769 1647 834; baseline 0 -15"><span class='ocrx_word' id='word_1_35' title='bbox 241 778 292 819; x_wconf 84' lang='lat' dir='ltr'><strong>et</strong></span> <span class='ocrx_word' id='word_1_36' title='bbox 316 786 410 820; x_wconf 83' lang='lat' dir='ltr'><strong>sna</strong></span> <span class='ocrx_word' id='word_1_37' title='bbox 435 786 552 818; x_wconf 85' lang='lat' dir='ltr'><strong>eum</strong></span> <span class='ocrx_word' id='word_1_38' title='bbox 576 771 822 833; x_wconf 79' lang='lat' dir='ltr'><strong>antiquae</strong></span> <span class='ocrx_word' id='word_1_39' title='bbox 849 771 1126 820; x_wconf 77' lang='lat' dir='ltr'><strong>committit</strong></span> <span class='ocrx_word' id='word_1_40' title='bbox 1148 771 1343 834; x_wconf 81' lang='lat' dir='ltr'><strong>scripta</strong></span> <span class='ocrx_word' id='word_1_41' title='bbox 1367 769 1647 831; x_wconf 78' lang='lat' dir='ltr'><strong>Corinnae,</strong></span> 
     </span>
     <span class='ocr_line' id='line_1_8' title="bbox 312 858 1541 922; baseline 0.002 -15"><span class='ocrx_word' id='word_1_42' title='bbox 312 858 644 922; x_wconf 84' lang='lat' dir='ltr'><strong>carminaque</strong></span> <span class='ocrx_word' id='word_1_43' title='bbox 665 859 886 907; x_wconf 84' lang='lat' dir='ltr'><strong>Erinnes</strong></span> <span class='ocrx_word' id='word_1_44' title='bbox 916 874 1023 907; x_wconf 88' lang='lat' dir='ltr'><strong>non</strong></span> <span class='ocrx_word' id='word_1_45' title='bbox 1050 866 1197 922; x_wconf 81' lang='lat' dir='ltr'><strong>putat</strong></span> <span class='ocrx_word' id='word_1_46' title='bbox 1220 873 1391 922; x_wconf 91' lang='lat' dir='ltr'><strong>aequa</strong></span> <span class='ocrx_word' id='word_1_47' title='bbox 1415 859 1541 909; x_wconf 79' lang='lat' dir='ltr'><strong>suis·</strong></span> 
     </span>
     <span class='ocr_line' id='line_1_9' title="bbox 239 947 1440 1009; baseline 0.001 -13"><span class='ocrx_word' id='word_1_48' title='bbox 239 962 348 996; x_wconf 89' lang='lat' dir='ltr'><strong>non</strong></span> <span class='ocrx_word' id='word_1_49' title='bbox 371 947 461 995; x_wconf 86' lang='lat' dir='ltr'><strong>tibi</strong></span> <span class='ocrx_word' id='word_1_50' title='bbox 485 947 718 995; x_wconf 81' lang='lat' dir='ltr'><strong>nascenti</strong></span> <span class='ocrx_word' id='word_1_51' title='bbox 743 947 939 1009; x_wconf 82' lang='lat' dir='ltr'><strong>primiS‚</strong></span> <span class='ocrx_word' id='word_1_52' title='bbox 970 962 1087 996; x_wconf 89' lang='lat' dir='ltr'><strong>mea</strong></span> <span class='ocrx_word' id='word_1_53' title='bbox 1110 947 1232 1008; x_wconf 80' lang='lat' dir='ltr'><strong>vita,</strong></span> <span class='ocrx_word' id='word_1_54' title='bbox 1263 948 1440 997; x_wconf 84' lang='lat' dir='ltr'><strong>diebus</strong></span> 
     </span>
     <span class='ocr_line' id='line_1_10' title="bbox 312 1034 1468 1096; baseline 0.003 -14"><span class='ocrx_word' id='word_1_55' title='bbox 312 1034 560 1083; x_wconf 84' lang='lat' dir='ltr'><strong>candidus</strong></span> <span class='ocrx_word' id='word_1_56' title='bbox 584 1042 822 1096; x_wconf 87' lang='lat' dir='ltr'><strong>argutum</strong></span> <span class='ocrx_word' id='word_1_57' title='bbox 845 1036 1067 1084; x_wconf 82' lang='lat' dir='ltr'><strong>sternuit</strong></span> <span class='ocrx_word' id='word_1_58' title='bbox 1092 1050 1246 1084; x_wconf 90' lang='lat' dir='ltr'><strong>omen</strong></span> <span class='ocrx_word' id='word_1_59' title='bbox 1268 1036 1468 1085; x_wconf 78' lang='lat' dir='ltr'><strong>Amor?</strong></span> 
     </span>
     <span class='ocr_line' id='line_1_11' title="bbox 136 1122 1501 1185; baseline 0 -13"><span class='ocrx_word' id='word_1_60' title='bbox 136 1131 198 1172; x_wconf 83' lang='lat'><strong>25</strong></span> <span class='ocrx_word' id='word_1_61' title='bbox 238 1123 368 1172; x_wconf 85' lang='lat' dir='ltr'><strong>haec</strong></span> <span class='ocrx_word' id='word_1_62' title='bbox 392 1122 486 1171; x_wconf 79' lang='lat' dir='ltr'><strong>tibi</strong></span> <span class='ocrx_word' id='word_1_63' title='bbox 512 1123 848 1172; x_wconf 83' lang='lat' dir='ltr'><strong>contulerunt</strong></span> <span class='ocrx_word' id='word_1_64' title='bbox 872 1124 1117 1173; x_wconf 81' lang='lat' dir='ltr'><strong>caelestia</strong></span> <span class='ocrx_word' id='word_1_65' title='bbox 1140 1137 1358 1174; x_wconf 88' lang='lat' dir='ltr'><strong>munera</strong></span> <span class='ocrx_word' id='word_1_66' title='bbox 1383 1125 1501 1185; x_wconf 82' lang='lat' dir='ltr'><strong>divi,</strong></span> 
     </span>
     <span class='ocr_line' id='line_1_12' title="bbox 309 1211 1469 1277; baseline 0.003 -17"><span class='ocrx_word' id='word_1_67' title='bbox 309 1211 437 1260; x_wconf 86' lang='lat' dir='ltr'><strong>haee</strong></span> <span class='ocrx_word' id='word_1_68' title='bbox 461 1211 554 1260; x_wconf 85' lang='lat' dir='ltr'><strong>tibi</strong></span> <span class='ocrx_word' id='word_1_69' title='bbox 581 1226 647 1261; x_wconf 85' lang='lat' dir='ltr'><strong>ne</strong></span> <span class='ocrx_word' id='word_1_70' title='bbox 671 1220 887 1262; x_wconf 82' lang='lat' dir='ltr'><strong>matrem</strong></span> <span class='ocrx_word' id='word_1_71' title='bbox 911 1214 1047 1263; x_wconf 82' lang='lat' dir='ltr'><strong>forte</strong></span> <span class='ocrx_word' id='word_1_72' title='bbox 1073 1213 1275 1263; x_wconf 80' lang='lat' dir='ltr'><strong>dedisse</strong></span> <span class='ocrx_word' id='word_1_73' title='bbox 1301 1220 1469 1277; x_wconf 78' lang='lat' dir='ltr'><strong>putes,</strong></span> 
     </span>
     <span class='ocr_line' id='line_1_13' title="bbox 239 1298 1411 1363; baseline 0.003 -15"><span class='ocrx_word' id='word_1_74' title='bbox 239 1314 349 1348; x_wconf 92' lang='lat' dir='ltr'><strong>non</strong></span> <span class='ocrx_word' id='word_1_75' title='bbox 374 1313 483 1348; x_wconf 91' lang='lat' dir='ltr'><strong>non</strong></span> <span class='ocrx_word' id='word_1_76' title='bbox 508 1298 717 1347; x_wconf 89' lang='lat' dir='ltr'><strong>humani</strong></span> <span class='ocrx_word' id='word_1_77' title='bbox 746 1308 922 1363; x_wconf 83' lang='lat' dir='ltr'><strong>partus</strong></span> <span class='ocrx_word' id='word_1_78' title='bbox 948 1308 1072 1350; x_wconf 81' lang='lat' dir='ltr'><strong>sunt</strong></span> <span class='ocrx_word' id='word_1_79' title='bbox 1094 1302 1218 1350; x_wconf 85' lang='lat' dir='ltr'><strong>talia</strong></span> <span class='ocrx_word' id='word_1_80' title='bbox 1244 1302 1411 1351; x_wconf 82' lang='lat' dir='ltr'><strong>dona:</strong></span> 
     </span>
     <span class='ocr_line' id='line_1_14' title="bbox 310 1387 1429 1452; baseline 0.002 -16"><span class='ocrx_word' id='word_1_81' title='bbox 310 1388 410 1436; x_wconf 82' lang='lat' dir='ltr'><strong>ista</strong></span> <span class='ocrx_word' id='word_1_82' title='bbox 436 1387 612 1436; x_wconf 88' lang='lat' dir='ltr'><strong>decem</strong></span> <span class='ocrx_word' id='word_1_83' title='bbox 636 1401 839 1437; x_wconf 81' lang='lat' dir='ltr'><strong>menses</strong></span> <span class='ocrx_word' id='word_1_84' title='bbox 866 1403 972 1436; x_wconf 91' lang='lat' dir='ltr'><strong>non</strong></span> <span class='ocrx_word' id='word_1_85' title='bbox 999 1403 1246 1452; x_wconf 84' lang='lat' dir='ltr'><strong>peperere</strong></span> <span class='ocrx_word' id='word_1_86' title='bbox 1272 1390 1429 1438; x_wconf 88' lang='lat' dir='ltr'><strong>bona.</strong></span> 
     </span>
     <span class='ocr_line' id='line_1_15' title="bbox 239 1475 1443 1542; baseline 0 -16"><span class='ocrx_word' id='word_1_87' title='bbox 239 1476 405 1540; x_wconf 88' lang='lat' dir='ltr'><strong>gloria</strong></span> <span class='ocrx_word' id='word_1_88' title='bbox 429 1475 676 1527; x_wconf 82' lang='lat' dir='ltr'><strong>Romanis</strong></span> <span class='ocrx_word' id='word_1_89' title='bbox 703 1491 808 1526; x_wconf 89' lang='lat' dir='ltr'><strong>una</strong></span> <span class='ocrx_word' id='word_1_90' title='bbox 836 1491 887 1527; x_wconf 90' lang='lat' dir='ltr'><strong>es</strong></span> <span class='ocrx_word' id='word_1_91' title='bbox 914 1484 972 1527; x_wconf 81' lang='lat' dir='ltr'><strong>tu</strong></span> <span class='ocrx_word' id='word_1_92' title='bbox 997 1486 1120 1527; x_wconf 81' lang='lat' dir='ltr'><strong>nata</strong></span> <span class='ocrx_word' id='word_1_93' title='bbox 1145 1479 1367 1542; x_wconf 72' lang='lat' dir='ltr'><strong>puellisz</strong></span> <span class='ocrx_word' id='word_1_94' title='bbox 1436 1522 1443 1526; x_wconf 86' lang='lat'><em>.</em></span> 
     </span>
     <span class='ocr_line' id='line_1_16' title="bbox 134 1566 1388 1632; baseline -0.001 -15"><span class='ocrx_word' id='word_1_95' title='bbox 134 1575 195 1617; x_wconf 84' lang='lat'><strong>30</strong></span> <span class='ocrx_word' id='word_1_96' title='bbox 307 1566 545 1617; x_wconf 89' lang='lat' dir='ltr'><strong>Romana</strong></span> <span class='ocrx_word' id='word_1_97' title='bbox 569 1568 841 1616; x_wconf 83' lang='lat' dir='ltr'><strong>accumbes</strong></span> <span class='ocrx_word' id='word_1_98' title='bbox 868 1568 1034 1630; x_wconf 87' lang='lat' dir='ltr'><strong>prima</strong></span> <span class='ocrx_word' id='word_1_99' title='bbox 1060 1569 1236 1632; x_wconf 90' lang='lat' dir='ltr'><strong>puella</strong></span> <span class='ocrx_word' id='word_1_100' title='bbox 1259 1569 1388 1628; x_wconf 85' lang='lat' dir='ltr'><strong>Iovi,</strong></span> 
     </span>
     <span class='ocr_line' id='line_1_17' title="bbox 236 1655 1505 1718; baseline 0.002 -14"><span class='ocrx_word' id='word_1_101' title='bbox 236 1670 331 1704; x_wconf 89' lang='lat' dir='ltr'><strong>nee</strong></span> <span class='ocrx_word' id='word_1_102' title='bbox 358 1669 559 1718; x_wconf 83' lang='lat' dir='ltr'><strong>semper</strong></span> <span class='ocrx_word' id='word_1_103' title='bbox 582 1655 853 1704; x_wconf 82' lang='lat' dir='ltr'><strong>nobiscnm</strong></span> <span class='ocrx_word' id='word_1_104' title='bbox 881 1656 1109 1704; x_wconf 89' lang='lat' dir='ltr'><strong>humana</strong></span> <span class='ocrx_word' id='word_1_105' title='bbox 1135 1656 1329 1706; x_wconf 84' lang='lat' dir='ltr'><strong>cubilia</strong></span> <span class='ocrx_word' id='word_1_106' title='bbox 1354 1657 1505 1706; x_wconf 77' lang='lat' dir='ltr'><strong>vises,</strong></span> 
     </span>
     <span class='ocr_line' id='line_1_18' title="bbox 307 1744 1649 1808; baseline 0.002 -16"><span class='ocrx_word' id='word_1_107' title='bbox 307 1751 426 1808; x_wconf 85' lang='lat' dir='ltr'><strong>post</strong></span> <span class='ocrx_word' id='word_1_108' title='bbox 449 1744 701 1793; x_wconf 88' lang='lat' dir='ltr'><strong>Helenam</strong></span> <span class='ocrx_word' id='word_1_109' title='bbox 725 1745 852 1793; x_wconf 86' lang='lat' dir='ltr'><strong>haee</strong></span> <span class='ocrx_word' id='word_1_110' title='bbox 877 1745 1027 1794; x_wconf 80' lang='lat' dir='ltr'><strong>terris</strong></span> <span class='ocrx_word' id='word_1_111' title='bbox 1053 1746 1221 1794; x_wconf 88' lang='lat' dir='ltr'><strong>forma</strong></span> <span class='ocrx_word' id='word_1_112' title='bbox 1245 1746 1474 1795; x_wconf 83' lang='lat' dir='ltr'><strong>secunda</strong></span> <span class='ocrx_word' id='word_1_113' title='bbox 1497 1746 1649 1795; x_wconf 87' lang='lat' dir='ltr'><strong>redit.</strong></span> 
     </span>
     <span class='ocr_line' id='line_1_19' title="bbox 236 1831 1582 1896; baseline 0.001 -16"><span class='ocrx_word' id='word_1_114' title='bbox 236 1831 335 1881; x_wconf 86' lang='lat' dir='ltr'><strong>hac</strong></span> <span class='ocrx_word' id='word_1_115' title='bbox 361 1845 460 1895; x_wconf 85' lang='lat' dir='ltr'><strong>ego</strong></span> <span class='ocrx_word' id='word_1_116' title='bbox 486 1846 625 1880; x_wconf 86' lang='lat' dir='ltr'><strong>nune</strong></span> <span class='ocrx_word' id='word_1_117' title='bbox 649 1832 803 1880; x_wconf 87' lang='lat' dir='ltr'><strong>mirer</strong></span> <span class='ocrx_word' id='word_1_118' title='bbox 828 1833 871 1880; x_wconf 89' lang='lat' dir='ltr'><strong>si</strong></span> <span class='ocrx_word' id='word_1_119' title='bbox 896 1833 1078 1896; x_wconf 84' lang='lat' dir='ltr'><strong>flagret</strong></span> <span class='ocrx_word' id='word_1_120' title='bbox 1101 1841 1282 1882; x_wconf 84' lang='lat' dir='ltr'><strong>nostra</strong></span> <span class='ocrx_word' id='word_1_121' title='bbox 1308 1834 1582 1883; x_wconf 78' lang='lat' dir='ltr'><strong>iuventus?</strong></span> 
     </span>
     <span class='ocr_line' id='line_1_20' title="bbox 305 1919 1404 1984; baseline 0.004 -18"><span class='ocrx_word' id='word_1_122' title='bbox 305 1919 531 1983; x_wconf 83' lang='lat' dir='ltr'><strong>pulcrius</strong></span> <span class='ocrx_word' id='word_1_123' title='bbox 558 1919 655 1968; x_wconf 87' lang='lat' dir='ltr'><strong>hae</strong></span> <span class='ocrx_word' id='word_1_124' title='bbox 678 1919 863 1980; x_wconf 82' lang='lat' dir='ltr'><strong>fuerat,</strong></span> <span class='ocrx_word' id='word_1_125' title='bbox 892 1920 1069 1981; x_wconf 87' lang='lat' dir='ltr'><strong>Troia,</strong></span> <span class='ocrx_word' id='word_1_126' title='bbox 1100 1922 1267 1984; x_wconf 89' lang='lat' dir='ltr'><strong>perire</strong></span> <span class='ocrx_word' id='word_1_127' title='bbox 1292 1922 1404 1971; x_wconf 86' lang='lat' dir='ltr'><strong>tibi.</strong></span> 
     </span>
     <span class='ocr_line' id='line_1_21' title="bbox 133 2007 1472 2074; baseline 0.001 -17"><span class='ocrx_word' id='word_1_128' title='bbox 133 2014 195 2057; x_wconf 81' lang='lat'><strong>35</strong></span> <span class='ocrx_word' id='word_1_129' title='bbox 237 2007 361 2056; x_wconf 89' lang='lat' dir='ltr'><strong>olim</strong></span> <span class='ocrx_word' id='word_1_130' title='bbox 389 2008 626 2068; x_wconf 90' lang='lat' dir='ltr'><strong>mirabar,</strong></span> <span class='ocrx_word' id='word_1_131' title='bbox 660 2008 800 2071; x_wconf 90' lang='lat' dir='ltr'><strong>quod</strong></span> <span class='ocrx_word' id='word_1_132' title='bbox 826 2009 955 2058; x_wconf 83' lang='lat' dir='ltr'><strong>tanti</strong></span> <span class='ocrx_word' id='word_1_133' title='bbox 980 2010 1046 2057; x_wconf 88' lang='lat' dir='ltr'><strong>ad</strong></span> <span class='ocrx_word' id='word_1_134' title='bbox 1070 2010 1324 2074; x_wconf 85' lang='lat' dir='ltr'><strong>Pergama</strong></span> <span class='ocrx_word' id='word_1_135' title='bbox 1348 2011 1472 2060; x_wconf 89' lang='lat' dir='ltr'><strong>belli</strong></span> 
     </span>
     <span class='ocr_line' id='line_1_22' title="bbox 305 2095 1445 2162; baseline 0.004 -19"><span class='ocrx_word' id='word_1_136' title='bbox 305 2095 548 2158; x_wconf 87' lang='lat' dir='ltr'><strong>Europae</strong></span> <span class='ocrx_word' id='word_1_137' title='bbox 572 2103 727 2159; x_wconf 86' lang='lat' dir='ltr'><strong>atque</strong></span> <span class='ocrx_word' id='word_1_138' title='bbox 749 2097 911 2145; x_wconf 90' lang='lat' dir='ltr'><strong>Asiae</strong></span> <span class='ocrx_word' id='word_1_139' title='bbox 937 2112 1096 2147; x_wconf 81' lang='lat' dir='ltr'><strong>eausa</strong></span> <span class='ocrx_word' id='word_1_140' title='bbox 1121 2100 1297 2162; x_wconf 86' lang='lat' dir='ltr'><strong>puella</strong></span> <span class='ocrx_word' id='word_1_141' title='bbox 1322 2099 1445 2148; x_wconf 85' lang='lat' dir='ltr'><strong>fuit:</strong></span> 
     </span>
     <span class='ocr_line' id='line_1_23' title="bbox 235 2183 1443 2247; baseline 0.004 -16"><span class='ocrx_word' id='word_1_142' title='bbox 235 2199 377 2232; x_wconf 89' lang='lat' dir='ltr'><strong>nune</strong></span> <span class='ocrx_word' id='word_1_143' title='bbox 400 2183 520 2231; x_wconf 89' lang='lat' dir='ltr'><strong>Pari</strong></span> <span class='ocrx_word' id='word_1_144' title='bbox 547 2191 603 2232; x_wconf 85' lang='lat' dir='ltr'><strong>tu</strong></span> <span class='ocrx_word' id='word_1_145' title='bbox 628 2185 835 2247; x_wconf 82' lang='lat' dir='ltr'><strong>sapiens</strong></span> <span class='ocrx_word' id='word_1_146' title='bbox 861 2193 912 2234; x_wconf 86' lang='lat' dir='ltr'><strong>et</strong></span> <span class='ocrx_word' id='word_1_147' title='bbox 935 2193 993 2235; x_wconf 87' lang='lat' dir='ltr'><strong>tu</strong></span> <span class='ocrx_word' id='word_1_148' title='bbox 1017 2187 1256 2236; x_wconf 90' lang='lat' dir='ltr'><strong>Menelae</strong></span> <span class='ocrx_word' id='word_1_149' title='bbox 1279 2187 1443 2245; x_wconf 83' lang='lat' dir='ltr'><strong>fuisti,</strong></span> 
     </span>
     <span class='ocr_line' id='line_1_24' title="bbox 306 2273 1407 2338; baseline 0.003 -16"><span class='ocrx_word' id='word_1_150' title='bbox 306 2279 364 2322; x_wconf 88' lang='lat' dir='ltr'><strong>tu</strong></span> <span class='ocrx_word' id='word_1_151' title='bbox 391 2273 515 2335; x_wconf 90' lang='lat' dir='ltr'><strong>quia</strong></span> <span class='ocrx_word' id='word_1_152' title='bbox 541 2275 818 2336; x_wconf 70' lang='lat' dir='ltr'><strong>poscebaS,</strong></span> <span class='ocrx_word' id='word_1_153' title='bbox 850 2281 908 2323; x_wconf 82' lang='lat' dir='ltr'><strong>tu</strong></span> <span class='ocrx_word' id='word_1_154' title='bbox 932 2275 1056 2338; x_wconf 88' lang='lat' dir='ltr'><strong>quia</strong></span> <span class='ocrx_word' id='word_1_155' title='bbox 1081 2277 1250 2325; x_wconf 85' lang='lat' dir='ltr'><strong>lentus</strong></span> <span class='ocrx_word' id='word_1_156' title='bbox 1278 2290 1407 2326; x_wconf 80' lang='lat' dir='ltr'><strong>eras,</strong></span> 
     </span>
     <span class='ocr_line' id='line_1_25' title="bbox 235 2360 1681 2426; baseline 0.006 -19"><span class='ocrx_word' id='word_1_157' title='bbox 235 2360 394 2423; x_wconf 86' lang='lat' dir='ltr'><strong>digna</strong></span> <span class='ocrx_word' id='word_1_158' title='bbox 421 2361 628 2423; x_wconf 88' lang='lat' dir='ltr'><strong>quidem</strong></span> <span class='ocrx_word' id='word_1_159' title='bbox 653 2362 831 2423; x_wconf 75' lang='lat' dir='ltr'><strong>facieS,</strong></span> <span class='ocrx_word' id='word_1_160' title='bbox 865 2377 964 2425; x_wconf 90' lang='lat' dir='ltr'><strong>pro</strong></span> <span class='ocrx_word' id='word_1_161' title='bbox 993 2379 1097 2426; x_wconf 89' lang='lat' dir='ltr'><strong>qua</strong></span> <span class='ocrx_word' id='word_1_162' title='bbox 1120 2365 1197 2412; x_wconf 87' lang='lat' dir='ltr'><strong>vel</strong></span> <span class='ocrx_word' id='word_1_163' title='bbox 1227 2365 1394 2414; x_wconf 87' lang='lat' dir='ltr'><strong>obiret</strong></span> <span class='ocrx_word' id='word_1_164' title='bbox 1415 2365 1681 2415; x_wconf 81' lang='lat' dir='ltr'><strong>Achilles:</strong></span> 
     </span>
     <span class='ocr_line' id='line_1_26' title="bbox 131 2448 1382 2514; baseline 0.005 -18"><span class='ocrx_word' id='word_1_165' title='bbox 131 2455 194 2496; x_wconf 84' lang='lat'><strong>40</strong></span> <span class='ocrx_word' id='word_1_166' title='bbox 306 2448 387 2496; x_wconf 86' lang='lat' dir='ltr'><strong>vel</strong></span> <span class='ocrx_word' id='word_1_167' title='bbox 411 2448 617 2497; x_wconf 87' lang='lat' dir='ltr'><strong>Priamo</strong></span> <span class='ocrx_word' id='word_1_168' title='bbox 645 2450 767 2498; x_wconf 89' lang='lat' dir='ltr'><strong>belli</strong></span> <span class='ocrx_word' id='word_1_169' title='bbox 795 2465 951 2499; x_wconf 87' lang='lat' dir='ltr'><strong>eausa</strong></span> <span class='ocrx_word' id='word_1_170' title='bbox 976 2452 1244 2514; x_wconf 90' lang='lat' dir='ltr'><strong>probanda</strong></span> <span class='ocrx_word' id='word_1_171' title='bbox 1268 2453 1382 2503; x_wconf 79' lang='lat' dir='ltr'><strong>fuit.</strong></span> 
     </span>
     <span class='ocr_line' id='line_1_27' title="bbox 238 2536 1417 2603; baseline 0.007 -19"><span class='ocrx_word' id='word_1_172' title='bbox 238 2536 400 2600; x_wconf 78' lang='lat' dir='ltr'><strong>siquis</strong></span> <span class='ocrx_word' id='word_1_173' title='bbox 426 2537 534 2585; x_wconf 85' lang='lat' dir='ltr'>vult</span> <span class='ocrx_word' id='word_1_174' title='bbox 558 2538 697 2586; x_wconf 89' lang='lat' dir='ltr'><strong>fama</strong></span> <span class='ocrx_word' id='word_1_175' title='bbox 723 2538 925 2587; x_wconf 79' lang='lat' dir='ltr'><strong>tabulas</strong></span> <span class='ocrx_word' id='word_1_176' title='bbox 951 2541 1149 2589; x_wconf 83' lang='lat' dir='ltr'><strong>anteire</strong></span> <span class='ocrx_word' id='word_1_177' title='bbox 1174 2548 1417 2603; x_wconf 81' lang='lat' dir='ltr'><strong>vetustas,</strong></span> 
     </span>
     <span class='ocr_line' id='line_1_28' title="bbox 306 2624 1571 2690; baseline 0.006 -18"><span class='ocrx_word' id='word_1_178' title='bbox 306 2624 390 2673; x_wconf 86' lang='lat' dir='ltr'><strong>hie</strong></span> <span class='ocrx_word' id='word_1_179' title='bbox 417 2625 681 2674; x_wconf 87' lang='lat' dir='ltr'><strong>dominam</strong></span> <span class='ocrx_word' id='word_1_180' title='bbox 706 2627 944 2690; x_wconf 88' lang='lat' dir='ltr'><strong>exemplo</strong></span> <span class='ocrx_word' id='word_1_181' title='bbox 971 2635 1134 2690; x_wconf 84' lang='lat' dir='ltr'><strong>ponat</strong></span> <span class='ocrx_word' id='word_1_182' title='bbox 1156 2629 1212 2678; x_wconf 91' lang='lat' dir='ltr'><strong>in</strong></span> <span class='ocrx_word' id='word_1_183' title='bbox 1238 2637 1348 2679; x_wconf 84' lang='lat' dir='ltr'><strong>arte</strong></span> <span class='ocrx_word' id='word_1_184' title='bbox 1371 2644 1571 2681; x_wconf 81' lang='lat' dir='ltr'><strong>meam:</strong></span> 
     </span>
    </p>
   </div>
  </div>
 </body>
</html>
