1942 3000
794 182 988 220 maza.
1569 181 1635 231 81

216 352 319 386 non
347 337 502 400 longe
527 352 559 385 a
585 353 704 385 caro
732 352 948 401 corpore
973 340 1155 387 abesse
1179 340 1391 388 volunt?

144 434 300 488 atque
324 426 395 474 ibi
419 441 502 474 me
528 426 726 474 cunetis
753 441 846 488 pro
872 427 1013 474 dulei
1040 428 1262 489 coniuge
1288 428 1415 476 divis

216 529 320 561 non
346 515 458 562 sine
483 514 688 562 taurino
716 515 969 577 sanguine
996 516 1288 578 pollicita’S,

38 613 101 654 35
146 603 190 650 si
216 603 431 650 reditum
456 603 725 651 tetulisset.
755 603 797 649 is
828 603 952 650 haut
976 603 1030 650 in
1057 611 1285 666 tempore
1310 604 1469 667 longo

218 699 416 754 captam
442 691 621 738 Asiam
645 691 870 754 Aegypti
896 691 1087 739 finibus
1114 692 1395 740 addiderat.

144 780 256 842 quis
285 794 381 841 ego
415 794 509 842 pro
535 779 686 827 factis
713 779 923 828 caelesti
949 779 1144 827 reddita
1169 786 1316 827 coetu

212 867 429 930 pristina
453 875 570 915 vota
596 882 729 915 novo
754 881 965 916 munere
995 868 1242 916 dissoluO.

142 956 320 1014 invita,
351 971 382 1002 o
408 955 604 1017 regina,
637 965 725 1003 tuo
753 955 816 1002 de
842 957 1030 1004 vertice
1057 955 1205 1015 cessi,

36 1050 94 1093 40
214 1043 400 1091 invita:
444 1045 625 1092 adiuro
653 1051 806 1106 teque
834 1052 1082 1107 tuumque
1108 1051 1279 1107 eaput,

140 1132 302 1194 digna
326 1132 456 1180 ferat
482 1133 620 1194 quod
645 1132 802 1195 siquis
829 1132 1051 1180 inaniter
1076 1132 1349 1180 adiurarit:

213 1220 302 1268 sed
330 1221 417 1282 qui
444 1235 498 1268 se
524 1220 658 1268 ferro
686 1215 912 1283 pos‘tulet
937 1235 1048 1269 esse
1074 1221 1283 1283 parem?

138 1309 230 1357 ille
268 1320 474 1371 quoque
511 1323 712 1357 eversus
752 1323 899 1356 mons
940 1317 1017 1357 est
1054 1323 1206 1372 quem
1253 1308 1530 1357 maximum
1581 1312 1636 1358 in

354 1398 478 1445 orbe

212 1484 484 1550 progenies
511 1485 672 1534 Thiae
698 1484 835 1533 clara
861 1484 1230 1548 supervehitur,

35 1585 94 1624 45
139 1589 259 1623 eum
284 1574 424 1622 Medi
449 1587 693 1636 peperere
719 1589 908 1622 novum
931 1588 1073 1621 mare
1109 1588 1325 1636 eumque
1348 1574 1585 1622 iuventus

209 1676 302 1725 per
325 1662 548 1709 medium
575 1662 729 1710 classi
756 1663 972 1710 barbara
999 1662 1138 1711 navit
1161 1662 1356 1710 Athon.

135 1750 261 1813 quid
288 1749 480 1798 facient
504 1750 692 1810 crinea,
724 1766 841 1799 eum
864 1751 1003 1799 ferro
1030 1751 1154 1798 talia
1181 1751 1398 1798 cedant?

204 1839 438 1901 Iuppiter
461 1847 519 1887 ut
544 1838 813 1900 Chalybon
842 1854 996 1887 omne
1019 1853 1182 1901 genus
1208 1848 1398 1901 pereat.

133 1936 185 1975 et
212 1927 301 1989 qui
327 1927 583 1990 principio
609 1928 705 1975 sub
729 1935 864 1975 terra
889 1941 1135 1990 quaerere
1159 1941 1313 1974 venas

35 2023 88 2064 50
206 2016 394 2063 institit
417 2030 479 2063 ac
505 2015 626 2063 ferri
651 2016 890 2078 frangere
918 2015 1183 2064 duritiem!

129 2103 410 2152 abiunctae
433 2103 610 2166 paullo
638 2112 758 2152 ante
784 2116 960 2151 comae
986 2116 1100 2151 mea
1126 2102 1230 2150 fata
1256 2117 1457 2151 sorores

204 2190 470 2253 lugebant,
504 2206 620 2239 cum
645 2206 700 2239 se
725 2190 1016 2239 Memnonis
1042 2191 1313 2253 Aethiopis

133 2278 364 2341 unigena
386 2279 642 2341 inpellens
670 2279 981 2328 nictantibus
1007 2293 1129 2326 aera
1153 2279 1336 2341 pennis

205 2367 396 2415 obtulit
418 2368 667 2416 Arsinoes
693 2367 942 2415 Loeridos
969 2367 1076 2415 ales
1105 2381 1284 2429 equus,

35 2465 84 2504 55
126 2456 282 2518 isque
308 2469 400 2518 per
423 2456 672 2505 aetherias
696 2470 779 2503 me
802 2456 990 2503 tollens
1017 2455 1189 2502 avolat
1216 2456 1419 2504 umbras
1465 2437 1476 2446 ⁸

206 2552 258 2592 et
282 2544 500 2593 Veneris
526 2554 668 2593 casto
696 2544 920 2593 collocat
943 2544 998 2591 in
1025 2543 1238 2605 gremio,

129 2633 250 2695 ipsa
275 2647 427 2680 suum
451 2633 733 2697 Zephyritis
761 2647 822 2681 eo
848 2632 1098 2680 famulum
1123 2632 1336 2694 legarat,

133 2733 280 2769 catull.
331 2733 392 2769 ed.
412 2734 471 2770 11..
1283 2745 1309 2785 θ
