1942 3000
291 157 395 207 188
892 162 1137 201 'rmunm

358 317 550 365 vellera
573 318 659 366 det
682 317 819 366 sucis
846 319 923 368 bis
950 319 1237 367 madefacta
1260 319 1443 380 Tyros,

290 405 671 469 possideatque,
705 407 850 455 metit
874 407 1122 469 quidquid
1149 408 1282 462 bene
1307 408 1565 456 olentibus
1591 407 1728 455 arvis

361 494 527 541 cultor
553 494 799 543 odoratae
825 495 963 544 dives
989 496 1156 545 Arabs
1182 496 1369 558 segetis

290 589 341 630 et
365 597 717 645 quascumque
742 584 890 645 niger
914 585 1072 632 rubro
1100 585 1163 632 de
1187 584 1339 633 litore
1363 598 1589 647 gemmas

197 677 260 718 20
359 671 626 732 proximus
654 671 761 719 eois
789 672 989 734 colligit
1013 673 1173 720 Indus
1199 673 1365 736 aquiS.

286 757 420 806 hanc
445 773 553 818 voe,
583 759 829 819 Pierides,
860 760 1004 809 festis
1032 768 1236 810 cantate
1258 761 1510 821 kalendis,

360 853 410 894 et
434 847 723 895 testudinea
746 848 954 897 Phoebe
980 851 1202 911 superbe
1226 850 1354 911 lyra.

288 935 386 982 hoc
400 936 631 983 solemne
644 950 869 984 sacrum:
900 937 1089 985 multos
1120 937 1221 986 hoe
1247 937 1430 986 sumite
1453 936 1510 985 in
1535 951 1700 986 anuos
1719 954 1734 984 ε

358 1023 566 1086 dignior
591 1031 668 1072 est
695 1031 864 1072 vestro
891 1026 1038 1073 nulla
1062 1026 1237 1089 puella
1263 1027 1440 1075 choro,

958 1397 1053 1445 III.

286 1553 447 1602 Parce
471 1569 587 1604 meo
613 1556 802 1616 iuveni,
834 1571 926 1605 seu
952 1557 1068 1620 quis
1096 1559 1235 1606 bona
1259 1571 1452 1620 pascua.
1483 1556 1651 1620 campi

360 1657 453 1690 seu
480 1644 607 1691 eolis
633 1645 862 1693 umbrosi
889 1646 1038 1694 devia
1061 1645 1250 1693 montis
1276 1659 1418 1707 aper,

286 1744 382 1779 nec
408 1731 499 1779 tibi
527 1732 593 1780 sit
617 1733 771 1781 duros
798 1733 999 1782 acuisse
1022 1734 1077 1782 in
1106 1733 1305 1797 proelia
1329 1733 1539 1782 dentes:

356 1818 668 1868 incolumem
694 1829 866 1869 custos
893 1821 1031 1870 hunc
1056 1822 1182 1870 mihi
1207 1829 1370 1870 servet
1393 1822 1573 1870 Amor.

231 1916 256 1955 5
287 1908 375 1955 sed
403 1909 584 1970 procul
611 1908 820 1957 abducit
843 1910 1066 1957 venandi
1091 1910 1244 1958 Delia
1268 1924 1419 1959 cura:

359 2010 390 2042 o
417 2002 631 2058 pereant
654 1996 830 2056 silvae,
862 1997 1204 2060 deficiantque
1231 2000 1414 2046 canes!

285 2084 399 2145 quis
426 2083 572 2131 furor
596 2091 688 2143 est,
722 2099 854 2148 quae
879 2100 1044 2145 mene,
1077 2087 1264 2135 densos
1289 2086 1533 2148 indagine
1559 2085 1722 2135 colles

358 2171 681 2221 claudentem
706 2180 910 2222 teneras
938 2175 1142 2222 laedere
1168 2175 1298 2223 velle
1323 2154 1542 2223 manus?

284 2259 467 2322 quidve
494 2260 633 2309 iuvat
657 2261 833 2310 furtim
856 2263 1079 2310 latebrae
1109 2263 1299 2312 intrare
1324 2263 1551 2312 ferarum

195 2353 253 2395 10
356 2348 676 2411 candidaque
704 2350 919 2398 hamatis
947 2365 1098 2398 crura
1123 2359 1303 2400 notare
1331 2350 1507 2399 rubis?

282 2436 372 2483 sed
398 2444 586 2496 tamen,
620 2446 676 2486 ut
702 2446 871 2486 tecum
894 2439 1065 2498 liceat,
1099 2438 1359 2498 Cerintho,
1391 2439 1583 2503 vagari,

351 2523 466 2586 ipsa
492 2538 589 2587 ego
616 2540 708 2588 per
731 2534 931 2575 montes
958 2527 1087 2575 retia
1110 2534 1247 2576 torta
1270 2527 1451 2587 feram,

279 2611 394 2673 ipsa
420 2626 517 2674 ego
545 2614 737 2662 velocis
764 2629 1010 2678 quaeram
1035 2615 1250 2678 vestigia
1275 2616 1412 2664 cervi
