1942 3000
76 561 134 602 10

176 127 246 177 22
796 130 1051 168 cA'rULLl

175 286 320 349 ‘qui?
359 301 465 335 non
495 293 570 334 est
594 286 749 334 homo
778 287 943 335 bellus
957 286 997 333 ?'
1033 287 1255 349 inquies,
1288 294 1388 334 est:

177 376 267 424 sed
295 376 431 424 bello
457 375 576 423 huic
604 390 771 438 neque
797 390 970 423 servus
999 383 1076 423 est
1101 389 1269 438 neque
1297 390 1434 422 arca.

178 465 277 513 hoc
303 472 360 513 tu
388 479 542 527 quam
567 465 710 512 lubet
735 465 879 513 abice
906 465 1181 527 elevaque:

180 567 276 602 nec
301 567 501 600 servum
529 559 698 600 tamen
724 553 816 601 ille
840 553 997 601 habet
1022 567 1190 616 neque
1215 568 1403 601 arcam.

841 995 1011 1043 XXV.

181 1172 408 1222 Cinaede
432 1172 633 1233 Thalle,
667 1173 876 1221 mollior
902 1172 1129 1220 cuniculi
1155 1172 1344 1235 capillo

181 1262 259 1310 vel
288 1262 480 1310 anseris
509 1262 791 1310 medullula
816 1262 894 1309 vel
920 1262 1080 1310 imula
1105 1261 1338 1309 auricilla

180 1352 260 1399 vel
288 1365 422 1414 pene
445 1352 692 1415 languido
722 1351 859 1400 senis
887 1352 1092 1413 situque
1118 1364 1389 1408 araneos0‚

179 1439 419 1502 idemque
445 1440 628 1488 Thalle
653 1441 856 1488 turbida
882 1440 1119 1504 rapacior
1144 1439 1389 1503 procella,

182 1542 300 1575 cum
326 1527 441 1575 diva
465 1528 790 1577 mulierarios
819 1529 1044 1577 ostendit
1068 1528 1362 1585 oscitanteS‚

180 1616 381 1665 remitte
406 1617 621 1680 pallium
644 1617 770 1664 mihi
796 1631 984 1676 meum,
1019 1617 1157 1679 quod
1181 1615 1438 1673 involasti,

177 1703 548 1766 sudariumque
575 1703 852 1753 Saetabum
880 1704 1323 1767 catagraphosque
1347 1704 1579 1764 Thynos,

180 1791 371 1854 inepte,
406 1806 539 1854 quae
564 1792 735 1854 palam
762 1794 896 1841 soles
924 1793 1112 1841 habere
1139 1800 1400 1855 tamquam
1425 1792 1577 1839 avita.

185 1894 318 1942 quae
345 1895 484 1928 nunc
509 1880 608 1928 tuis
636 1881 699 1927 ab
730 1881 988 1943 unguibus
1016 1881 1271 1944 reglutina
1299 1887 1348 1928 et
1373 1880 1591 1939 remitte,

80 1976 140 2016 10
187 1982 252 2015 ne
278 1969 484 2016 laneum
508 1969 818 2017 latusculum
841 1983 1127 2032 manusque
1161 1969 1464 2017 mollicellas

180 2056 351 2103 inusta
374 2056 591 2119 turpiter
617 2057 705 2105 tibi
731 2057 938 2120 flagella
963 2057 1366 2116 conscribillent‚

184 2152 234 2193 et
257 2146 543 2194 insolenter
567 2154 766 2195 aestues
794 2147 931 2194 velut
955 2146 1154 2194 minuta
1177 2161 1368 2208 magno

176 2234 433 2297 deprensa
457 2234 598 2283 navis
622 2235 677 2282 in
703 2235 831 2283 mari
858 2236 1151 2283 vesaniente
1182 2244 1352 2283 vento.
