1942 3000
244 1471 299 1512 10

241 1915 298 1956 15

347 154 414 204 16
960 157 1214 197 cATuLu

1030 491 1146 538 XV.

344 667 662 718 Commendo
689 668 782 716 tibi
807 682 888 716 me
913 682 974 716 ac
1002 683 1144 716 meos
1170 682 1390 729 amoreS,

341 756 537 804 Aureli.
615 756 817 805 veniam
842 766 962 819 pet-o
991 757 1285 819 pudentem,

341 853 415 904 ut,
448 845 490 892 si
520 845 797 908 quicquam
820 845 996 893 animo
1022 853 1112 892 tuo
1140 846 1345 908 cupisti,

343 934 481 997 quod
508 942 705 982 castum
731 942 995 997 expeteres
1022 942 1072 982 et
1096 935 1415 998 integellum,

341 1035 608 1070 conserves
636 1036 853 1085 puerum
878 1021 1003 1069 mihi
1029 1021 1229 1084 pudice.

341 1124 447 1158 non
473 1110 589 1159 dico
617 1125 648 1158 a
673 1110 898 1174 populo:
941 1110 1070 1159 nihil
1099 1125 1328 1159 veremur

343 1199 468 1246 istos
496 1198 583 1262 qui
609 1199 664 1247 in
690 1199 863 1262 platea
889 1199 1044 1247 modo
1070 1200 1170 1247 huc
1196 1199 1349 1248 modo
1376 1201 1503 1249 illuc

338 1286 393 1335 in
420 1302 474 1335 re
500 1295 827 1350 praetereunt
851 1302 944 1335 sua
969 1288 1237 1350 occupati:

340 1389 513 1423 verum
539 1391 570 1423 a
597 1387 645 1424 te
671 1384 844 1424 metuo
871 1385 1064 1439 tuoque
1091 1390 1221 1438 pene

340 1463 530 1513 infesto
556 1464 726 1528 pueris
754 1464 904 1514 bonis
930 1465 1201 1528 malisque.

342 1567 494 1616 quem
517 1561 574 1601 tu
599 1569 702 1616 qua
728 1554 886 1612 lubet,
920 1563 976 1601 ut
1000 1555 1158 1613 lubet,
1194 1562 1395 1602 moveto

340 1648 589 1705 quantum
613 1643 706 1702 vie,
740 1643 828 1691 ubi
856 1643 951 1691 erit
976 1642 1119 1701 forie,
1153 1650 1414 1705 paratum:

340 1730 476 1779 hunc
503 1745 662 1778 unum
688 1730 908 1794 excipio,
942 1738 998 1778 ut
1022 1739 1167 1793 puto,
1199 1731 1464 1793 pudenter.

339 1817 477 1882 quod
504 1818 546 1864 si
572 1825 622 1865 te
649 1817 785 1866 mala
809 1831 954 1866 mens
982 1817 1229 1880 furorque
1255 1833 1430 1866 vecors

338 1907 392 1955 in
417 1915 613 1955 tantam
639 1906 900 1969 inpulerit,
934 1907 1169 1965 sceleste,
1203 1907 1425 1971 culpam,

337 2002 394 2044 ut
419 2002 651 2043 nostrum
675 1995 873 2043 insidiis
902 2004 1056 2059 caput
1081 1996 1319 2056 lacessas,

338 2085 405 2133 ah
428 2092 537 2132 ttun
563 2091 611 2132 te
638 2083 877 2132 miserum
900 2084 1126 2147 malique
1153 2085 1261 2145 fati,

339 2187 492 2236 quem
517 2174 741 2221 attractis
770 2172 986 2236 pedibus
1012 2182 1218 2237 patente
1245 2183 1395 2237 porta

339 2269 638 2326 percurrent
661 2261 981 2326 raphanique
1004 2263 1339 2326 mugilesque.
