<?xml version="1.0" encoding="UTF-8"?>
<!DOCTYPE html PUBLIC "-//W3C//DTD XHTML 1.0 Transitional//EN"
    "http://www.w3.org/TR/xhtml1/DTD/xhtml1-transitional.dtd">
<html xmlns="http://www.w3.org/1999/xhtml" xml:lang="en" lang="en">
 <head>
  <title>
</title>
<meta http-equiv="Content-Type" content="text/html;charset=utf-8" />
  <meta name='ocr-system' content='tesseract 3.04.00' />
  <meta name='ocr-capabilities' content='ocr_page ocr_carea ocr_par ocr_line ocrx_word'/>
</head>
<body>
  <div class='ocr_page' id='page_1' title='image "./catullitibullip02vahlgoog_0031.png"; bbox 0 0 1942 3000; ppageno 0'>
   <div class='ocr_carea' id='block_1_1' title="bbox 152 581 211 621">
    <p class='ocr_par' dir='ltr' id='par_1_1' title="bbox 152 581 211 621">
     <span class='ocr_line' id='line_1_1' title="bbox 152 581 211 621; baseline 0.017 -1"><span class='ocrx_word' id='word_1_1' title='bbox 152 581 211 621; x_wconf 83' lang='lat'><strong>15</strong></span> 
     </span>
    </p>
   </div>
   <div class='ocr_carea' id='block_1_2' title="bbox 145 1023 208 1063">
    <p class='ocr_par' dir='ltr' id='par_1_2' title="bbox 145 1023 208 1063">
     <span class='ocr_line' id='line_1_2' title="bbox 145 1023 208 1063; baseline 0.016 -1"><span class='ocrx_word' id='word_1_2' title='bbox 145 1023 208 1063; x_wconf 82' lang='lat'><strong>20</strong></span> 
     </span>
    </p>
   </div>
   <div class='ocr_carea' id='block_1_3' title="bbox 144 1466 208 1508">
    <p class='ocr_par' dir='ltr' id='par_1_3' title="bbox 144 1466 208 1508">
     <span class='ocr_line' id='line_1_3' title="bbox 144 1466 208 1508; baseline 0 0"><span class='ocrx_word' id='word_1_3' title='bbox 144 1466 208 1508; x_wconf 80' lang='lat'><strong>25</strong></span> 
     </span>
    </p>
   </div>
   <div class='ocr_carea' id='block_1_4' title="bbox 908 147 1104 184">
    <p class='ocr_par' dir='ltr' id='par_1_4' title="bbox 908 147 1104 184">
     <span class='ocr_line' id='line_1_4' title="bbox 908 147 1104 184; baseline -0.005 0"><span class='ocrx_word' id='word_1_4' title='bbox 908 147 1104 184; x_wconf 81' lang='lat' dir='ltr'><strong>LIBER.</strong></span> 
     </span>
    </p>
   </div>
   <div class='ocr_carea' id='block_1_5' title="bbox 251 304 1389 1684">
    <p class='ocr_par' dir='ltr' id='par_1_5' title="bbox 256 304 1077 367">
     <span class='ocr_line' id='line_1_5' title="bbox 256 304 1077 367; baseline 0 -16"><span class='ocrx_word' id='word_1_5' title='bbox 256 304 397 367; x_wconf 82' lang='lat' dir='ltr'><strong>atqui</strong></span> <span class='ocrx_word' id='word_1_6' title='bbox 424 318 644 366; x_wconf 84' lang='lat' dir='ltr'><strong>corpora</strong></span> <span class='ocrx_word' id='word_1_7' title='bbox 668 304 886 353; x_wconf 79' lang='lat' dir='ltr'><strong>sicciora</strong></span> <span class='ocrx_word' id='word_1_8' title='bbox 912 318 1077 352; x_wconf 87' lang='lat' dir='ltr'><strong>cornu</strong></span> 
     </span>
    </p>

    <p class='ocr_par' dir='ltr' id='par_1_6' title="bbox 256 391 1288 544">
     <span class='ocr_line' id='line_1_6' title="bbox 256 391 1288 454; baseline 0 -15"><span class='ocrx_word' id='word_1_9' title='bbox 256 399 345 440; x_wconf 84' lang='lat' dir='ltr'><strong>aut</strong></span> <span class='ocrx_word' id='word_1_10' title='bbox 370 392 541 454; x_wconf 87' lang='lat' dir='ltr'><strong>siquid</strong></span> <span class='ocrx_word' id='word_1_11' title='bbox 564 391 727 454; x_wconf 83' lang='lat' dir='ltr'><strong>magis</strong></span> <span class='ocrx_word' id='word_1_12' title='bbox 753 392 954 440; x_wconf 79' lang='lat' dir='ltr'><strong>aridum</strong></span> <span class='ocrx_word' id='word_1_13' title='bbox 981 400 1056 439; x_wconf 87' lang='lat' dir='ltr'><strong>est</strong></span> <span class='ocrx_word' id='word_1_14' title='bbox 1090 391 1288 440; x_wconf 81' lang='lat' dir='ltr'><strong>habetis</strong></span> 
     </span>
     <span class='ocr_line' id='line_1_7' title="bbox 257 481 1085 544; baseline -0.001 -14"><span class='ocrx_word' id='word_1_15' title='bbox 257 483 367 530; x_wconf 89' lang='lat' dir='ltr'><strong>sole</strong></span> <span class='ocrx_word' id='word_1_16' title='bbox 394 491 445 531; x_wconf 85' lang='lat' dir='ltr'><strong>et</strong></span> <span class='ocrx_word' id='word_1_17' title='bbox 469 482 660 544; x_wconf 79' lang='lat' dir='ltr'>frigore</span> <span class='ocrx_word' id='word_1_18' title='bbox 685 489 736 530; x_wconf 87' lang='lat' dir='ltr'><strong>et</strong></span> <span class='ocrx_word' id='word_1_19' title='bbox 761 481 1085 531; x_wconf 87' lang='lat' dir='ltr'><strong>essuritione.</strong></span> 
     </span>
    </p>

    <p class='ocr_par' dir='ltr' id='par_1_7' title="bbox 258 570 1215 634">
     <span class='ocr_line' id='line_1_8' title="bbox 258 570 1215 634; baseline -0.001 -15"><span class='ocrx_word' id='word_1_20' title='bbox 258 585 417 634; x_wconf 82' lang='lat' dir='ltr'><strong>quare</strong></span> <span class='ocrx_word' id='word_1_21' title='bbox 444 585 549 619; x_wconf 90' lang='lat' dir='ltr'><strong>non</strong></span> <span class='ocrx_word' id='word_1_22' title='bbox 576 571 667 619; x_wconf 90' lang='lat' dir='ltr'><strong>tibi</strong></span> <span class='ocrx_word' id='word_1_23' title='bbox 694 571 762 619; x_wconf 85' lang='lat' dir='ltr'><strong>sit</strong></span> <span class='ocrx_word' id='word_1_24' title='bbox 785 573 919 619; x_wconf 86' lang='lat' dir='ltr'><strong>bene</strong></span> <span class='ocrx_word' id='word_1_25' title='bbox 942 586 1003 618; x_wconf 81' lang='lat' dir='ltr'><strong>ac</strong></span> <span class='ocrx_word' id='word_1_26' title='bbox 1033 570 1215 620; x_wconf 80' lang='lat' dir='ltr'><strong>beate?</strong></span> 
     </span>
    </p>

    <p class='ocr_par' dir='ltr' id='par_1_8' title="bbox 253 660 1143 812">
     <span class='ocr_line' id='line_1_9' title="bbox 255 660 1114 720; baseline 0.001 -13"><span class='ocrx_word' id='word_1_27' title='bbox 255 675 286 707; x_wconf 81' lang='lat' dir='ltr'><strong>a</strong></span> <span class='ocrx_word' id='word_1_28' title='bbox 310 668 362 709; x_wconf 84' lang='lat' dir='ltr'><strong>te</strong></span> <span class='ocrx_word' id='word_1_29' title='bbox 386 660 544 708; x_wconf 86' lang='lat' dir='ltr'><strong>sudor</strong></span> <span class='ocrx_word' id='word_1_30' title='bbox 568 661 728 720; x_wconf 85' lang='lat' dir='ltr'><strong>abest,</strong></span> <span class='ocrx_word' id='word_1_31' title='bbox 762 662 910 709; x_wconf 80' lang='lat' dir='ltr'><strong>abest</strong></span> <span class='ocrx_word' id='word_1_32' title='bbox 936 660 1114 719; x_wconf 79' lang='lat' dir='ltr'><strong>saliva,</strong></span> 
     </span>
     <span class='ocr_line' id='line_1_10' title="bbox 253 748 1143 812; baseline 0 -16"><span class='ocrx_word' id='word_1_33' title='bbox 253 764 538 812; x_wconf 85' lang='lat' dir='ltr'><strong>mucusque</strong></span> <span class='ocrx_word' id='word_1_34' title='bbox 565 757 616 797; x_wconf 84' lang='lat' dir='ltr'><strong>et</strong></span> <span class='ocrx_word' id='word_1_35' title='bbox 638 750 776 797; x_wconf 82' lang='lat' dir='ltr'><strong>mala</strong></span> <span class='ocrx_word' id='word_1_36' title='bbox 800 749 986 812; x_wconf 80' lang='lat' dir='ltr'><strong>pituita</strong></span> <span class='ocrx_word' id='word_1_37' title='bbox 1010 748 1143 797; x_wconf 80' lang='lat' dir='ltr'><strong>nasi.</strong></span> 
     </span>
    </p>

    <p class='ocr_par' dir='ltr' id='par_1_9' title="bbox 253 836 1324 988">
     <span class='ocr_line' id='line_1_11' title="bbox 253 836 1324 895; baseline -0.001 -10"><span class='ocrx_word' id='word_1_38' title='bbox 253 838 387 885; x_wconf 81' lang='lat' dir='ltr'><strong>hanc</strong></span> <span class='ocrx_word' id='word_1_39' title='bbox 413 837 477 884; x_wconf 80' lang='lat' dir='ltr'><strong>ad</strong></span> <span class='ocrx_word' id='word_1_40' title='bbox 502 836 802 885; x_wconf 81' lang='lat' dir='ltr'><strong>munditiem</strong></span> <span class='ocrx_word' id='word_1_41' title='bbox 827 836 958 885; x_wconf 80' lang='lat' dir='ltr'><strong>adde</strong></span> <span class='ocrx_word' id='word_1_42' title='bbox 983 836 1324 895; x_wconf 84' lang='lat' dir='ltr'><strong>mundiorem,</strong></span> 
     </span>
     <span class='ocr_line' id='line_1_12' title="bbox 254 924 1155 988; baseline -0.002 -15"><span class='ocrx_word' id='word_1_43' title='bbox 254 925 395 988; x_wconf 90' lang='lat' dir='ltr'><strong>quod</strong></span> <span class='ocrx_word' id='word_1_44' title='bbox 422 925 568 973; x_wconf 89' lang='lat' dir='ltr'><strong>culus</strong></span> <span class='ocrx_word' id='word_1_45' title='bbox 594 925 685 973; x_wconf 91' lang='lat' dir='ltr'><strong>tibi</strong></span> <span class='ocrx_word' id='word_1_46' title='bbox 712 924 890 987; x_wconf 88' lang='lat' dir='ltr'><strong>purior</strong></span> <span class='ocrx_word' id='word_1_47' title='bbox 915 924 1155 983; x_wconf 82' lang='lat' dir='ltr'><strong>salillost,</strong></span> 
     </span>
    </p>

    <p class='ocr_par' dir='ltr' id='par_1_10' title="bbox 251 1012 1127 1071">
     <span class='ocr_line' id='line_1_13' title="bbox 251 1012 1127 1071; baseline -0.003 -9"><span class='ocrx_word' id='word_1_48' title='bbox 251 1028 349 1063; x_wconf 90' lang='lat' dir='ltr'><strong>nec</strong></span> <span class='ocrx_word' id='word_1_49' title='bbox 375 1021 484 1061; x_wconf 84' lang='lat' dir='ltr'>toto</span> <span class='ocrx_word' id='word_1_50' title='bbox 512 1013 680 1061; x_wconf 89' lang='lat' dir='ltr'><strong>decies</strong></span> <span class='ocrx_word' id='word_1_51' title='bbox 708 1028 857 1061; x_wconf 80' lang='lat' dir='ltr'><strong>cacas</strong></span> <span class='ocrx_word' id='word_1_52' title='bbox 885 1012 940 1060; x_wconf 90' lang='lat' dir='ltr'><strong>in</strong></span> <span class='ocrx_word' id='word_1_53' title='bbox 966 1027 1127 1071; x_wconf 84' lang='lat' dir='ltr'><strong>anno,</strong></span> 
     </span>
    </p>

    <p class='ocr_par' dir='ltr' id='par_1_11' title="bbox 252 1100 1389 1521">
     <span class='ocr_line' id='line_1_14' title="bbox 252 1100 1256 1165; baseline -0.003 -15"><span class='ocrx_word' id='word_1_54' title='bbox 252 1109 409 1165; x_wconf 81' lang='lat' dir='ltr'><strong>atque</strong></span> <span class='ocrx_word' id='word_1_55' title='bbox 434 1101 485 1149; x_wconf 85' lang='lat' dir='ltr'><strong>id</strong></span> <span class='ocrx_word' id='word_1_56' title='bbox 514 1102 688 1149; x_wconf 85' lang='lat' dir='ltr'><strong>durius</strong></span> <span class='ocrx_word' id='word_1_57' title='bbox 717 1110 793 1149; x_wconf 86' lang='lat' dir='ltr'><strong>est</strong></span> <span class='ocrx_word' id='word_1_58' title='bbox 819 1102 941 1148; x_wconf 80' lang='lat' dir='ltr'><strong>faba</strong></span> <span class='ocrx_word' id='word_1_59' title='bbox 966 1108 1019 1148; x_wconf 84' lang='lat' dir='ltr'><strong>et</strong></span> <span class='ocrx_word' id='word_1_60' title='bbox 1043 1100 1256 1163; x_wconf 81' lang='lat' dir='ltr'><strong>lapillis,</strong></span> 
     </span>
     <span class='ocr_line' id='line_1_15' title="bbox 254 1189 1271 1254; baseline -0.003 -15"><span class='ocrx_word' id='word_1_61' title='bbox 254 1191 394 1254; x_wconf 88' lang='lat' dir='ltr'><strong>quod</strong></span> <span class='ocrx_word' id='word_1_62' title='bbox 421 1198 478 1238; x_wconf 84' lang='lat' dir='ltr'><strong>tu</strong></span> <span class='ocrx_word' id='word_1_63' title='bbox 504 1191 546 1238; x_wconf 86' lang='lat' dir='ltr'><strong>si</strong></span> <span class='ocrx_word' id='word_1_64' title='bbox 572 1190 810 1238; x_wconf 85' lang='lat' dir='ltr'><strong>manibus</strong></span> <span class='ocrx_word' id='word_1_65' title='bbox 837 1198 969 1238; x_wconf 81' lang='lat' dir='ltr'><strong>teras</strong></span> <span class='ocrx_word' id='word_1_66' title='bbox 998 1189 1271 1251; x_wconf 83' lang='lat' dir='ltr'><strong>fricesqne,</strong></span> 
     </span>
     <span class='ocr_line' id='line_1_16' title="bbox 252 1277 1389 1343; baseline -0.004 -14"><span class='ocrx_word' id='word_1_67' title='bbox 252 1295 362 1329; x_wconf 89' lang='lat' dir='ltr'><strong>non</strong></span> <span class='ocrx_word' id='word_1_68' title='bbox 390 1295 634 1343; x_wconf 83' lang='lat' dir='ltr'><strong>umquam</strong></span> <span class='ocrx_word' id='word_1_69' title='bbox 660 1279 877 1342; x_wconf 85' lang='lat' dir='ltr'><strong>digitum</strong></span> <span class='ocrx_word' id='word_1_70' title='bbox 899 1278 1176 1341; x_wconf 85' lang='lat' dir='ltr'><strong>inquinare</strong></span> <span class='ocrx_word' id='word_1_71' title='bbox 1201 1277 1389 1340; x_wconf 61' lang='lat' dir='ltr'><strong>possis».</strong></span> 
     </span>
     <span class='ocr_line' id='line_1_17' title="bbox 253 1367 1257 1426; baseline -0.002 -9"><span class='ocrx_word' id='word_1_72' title='bbox 253 1370 384 1417; x_wconf 80' lang='lat' dir='ltr'><strong>haec</strong></span> <span class='ocrx_word' id='word_1_73' title='bbox 409 1377 464 1417; x_wconf 84' lang='lat' dir='ltr'><strong>tu</strong></span> <span class='ocrx_word' id='word_1_74' title='bbox 490 1369 761 1417; x_wconf 79' lang='lat' dir='ltr'><strong>commoda</strong></span> <span class='ocrx_word' id='word_1_75' title='bbox 786 1376 888 1416; x_wconf 81' lang='lat' dir='ltr'><strong>tam</strong></span> <span class='ocrx_word' id='word_1_76' title='bbox 917 1369 1085 1426; x_wconf 79' lang='lat' dir='ltr'><strong>beata,</strong></span> <span class='ocrx_word' id='word_1_77' title='bbox 1117 1367 1257 1426; x_wconf 87' lang='lat' dir='ltr'><strong>Furi,</strong></span> 
     </span>
     <span class='ocr_line' id='line_1_18' title="bbox 254 1455 1144 1521; baseline -0.003 -14"><span class='ocrx_word' id='word_1_78' title='bbox 254 1458 365 1507; x_wconf 88' lang='lat' dir='ltr'><strong>noli</strong></span> <span class='ocrx_word' id='word_1_79' title='bbox 391 1471 633 1521; x_wconf 84' lang='lat' dir='ltr'><strong>spernere</strong></span> <span class='ocrx_word' id='word_1_80' title='bbox 657 1471 754 1507; x_wconf 86' lang='lat' dir='ltr'><strong>nec</strong></span> <span class='ocrx_word' id='word_1_81' title='bbox 780 1464 956 1520; x_wconf 83' lang='lat' dir='ltr'><strong>putare</strong></span> <span class='ocrx_word' id='word_1_82' title='bbox 984 1455 1144 1519; x_wconf 82' lang='lat' dir='ltr'><strong>parvi,</strong></span> 
     </span>
    </p>

    <p class='ocr_par' dir='ltr' id='par_1_12' title="bbox 255 1545 1263 1684">
     <span class='ocr_line' id='line_1_19' title="bbox 255 1545 1113 1609; baseline -0.005 -13"><span class='ocrx_word' id='word_1_83' title='bbox 255 1555 306 1596; x_wconf 87' lang='lat' dir='ltr'><strong>et</strong></span> <span class='ocrx_word' id='word_1_84' title='bbox 331 1547 567 1595; x_wconf 81' lang='lat' dir='ltr'><strong>sestertia</strong></span> <span class='ocrx_word' id='word_1_85' title='bbox 592 1561 724 1609; x_wconf 84' lang='lat' dir='ltr'><strong>quae</strong></span> <span class='ocrx_word' id='word_1_86' title='bbox 751 1547 886 1594; x_wconf 89' lang='lat' dir='ltr'><strong>soles</strong></span> <span class='ocrx_word' id='word_1_87' title='bbox 915 1545 1113 1608; x_wconf 82' lang='lat' dir='ltr'><strong>precari</strong></span> 
     </span>
     <span class='ocr_line' id='line_1_20' title="bbox 255 1636 1263 1684; baseline -0.003 0"><span class='ocrx_word' id='word_1_88' title='bbox 255 1643 462 1684; x_wconf 88' lang='lat' dir='ltr'><strong>centum</strong></span> <span class='ocrx_word' id='word_1_89' title='bbox 486 1636 691 1684; x_wconf 82' lang='lat' dir='ltr'><strong>desine:</strong></span> <span class='ocrx_word' id='word_1_90' title='bbox 734 1650 855 1683; x_wconf 82' lang='lat' dir='ltr'><strong>nam</strong></span> <span class='ocrx_word' id='word_1_91' title='bbox 880 1643 959 1683; x_wconf 81' lang='lat' dir='ltr'><strong>sat</strong></span> <span class='ocrx_word' id='word_1_92' title='bbox 986 1648 1039 1682; x_wconf 87' lang='lat' dir='ltr'><strong>es</strong></span> <span class='ocrx_word' id='word_1_93' title='bbox 1065 1636 1263 1682; x_wconf 81' lang='lat' dir='ltr'><strong>beatus,</strong></span> 
     </span>
    </p>
   </div>
   <div class='ocr_carea' id='block_1_6' title="bbox 891 2007 1112 2055">
    <p class='ocr_par' dir='ltr' id='par_1_13' title="bbox 891 2007 1112 2055">
     <span class='ocr_line' id='line_1_21' title="bbox 891 2007 1112 2055; baseline 0 0"><span class='ocrx_word' id='word_1_94' title='bbox 891 2007 1112 2055; x_wconf 88' lang='lat' dir='ltr'>XXIIII.</span> 
     </span>
    </p>
   </div>
   <div class='ocr_carea' id='block_1_7' title="bbox 234 2150 1163 2230">
    <p class='ocr_par' dir='ltr' id='par_1_14' title="bbox 234 2150 1163 2230">
     <span class='ocr_line' id='line_1_22' title="bbox 234 2150 1163 2230; baseline -0.001 -14"><span class='ocrx_word' id='word_1_95' title='bbox 234 2150 300 2216; x_wconf 63' lang='lat' dir='ltr'><strong>&#39;O</strong></span> <span class='ocrx_word' id='word_1_96' title='bbox 330 2168 418 2230; x_wconf 91' lang='lat' dir='ltr'><strong>qui</strong></span> <span class='ocrx_word' id='word_1_97' title='bbox 445 2167 689 2216; x_wconf 85' lang='lat' dir='ltr'><strong>flosculus</strong></span> <span class='ocrx_word' id='word_1_98' title='bbox 717 2181 770 2215; x_wconf 85' lang='lat' dir='ltr'><strong>es</strong></span> <span class='ocrx_word' id='word_1_99' title='bbox 796 2167 1163 2226; x_wconf 83' lang='lat' dir='ltr'><strong>Iuventiorum‚</strong></span> 
     </span>
    </p>
   </div>
   <div class='ocr_carea' id='block_1_8' title="bbox 251 2255 1390 2675">
    <p class='ocr_par' dir='ltr' id='par_1_15' title="bbox 251 2255 1390 2483">
     <span class='ocr_line' id='line_1_23' title="bbox 255 2255 1390 2318; baseline -0.001 -14"><span class='ocrx_word' id='word_1_100' title='bbox 255 2271 362 2305; x_wconf 90' lang='lat' dir='ltr'><strong>non</strong></span> <span class='ocrx_word' id='word_1_101' title='bbox 386 2256 570 2304; x_wconf 88' lang='lat' dir='ltr'><strong>horum</strong></span> <span class='ocrx_word' id='word_1_102' title='bbox 593 2256 766 2315; x_wconf 81' lang='lat' dir='ltr'><strong>mode,</strong></span> <span class='ocrx_word' id='word_1_103' title='bbox 798 2256 886 2304; x_wconf 87' lang='lat' dir='ltr'><strong>sed</strong></span> <span class='ocrx_word' id='word_1_104' title='bbox 914 2265 1042 2318; x_wconf 86' lang='lat' dir='ltr'><strong>quot</strong></span> <span class='ocrx_word' id='word_1_105' title='bbox 1066 2263 1156 2303; x_wconf 84' lang='lat' dir='ltr'><strong>aut</strong></span> <span class='ocrx_word' id='word_1_106' title='bbox 1179 2255 1390 2303; x_wconf 78' lang='lat' dir='ltr'><strong>fuerunt</strong></span> 
     </span>
     <span class='ocr_line' id='line_1_24' title="bbox 254 2344 1180 2407; baseline -0.002 -13"><span class='ocrx_word' id='word_1_107' title='bbox 254 2353 346 2394; x_wconf 84' lang='lat' dir='ltr'><strong>aut</strong></span> <span class='ocrx_word' id='word_1_108' title='bbox 369 2345 585 2407; x_wconf 84' lang='lat' dir='ltr'><strong>posthac</strong></span> <span class='ocrx_word' id='word_1_109' title='bbox 611 2344 725 2392; x_wconf 81' lang='lat' dir='ltr'><strong>aliis</strong></span> <span class='ocrx_word' id='word_1_110' title='bbox 754 2352 903 2393; x_wconf 86' lang='lat' dir='ltr'><strong>erunt</strong></span> <span class='ocrx_word' id='word_1_111' title='bbox 926 2345 983 2392; x_wconf 91' lang='lat' dir='ltr'><strong>in</strong></span> <span class='ocrx_word' id='word_1_112' title='bbox 1008 2344 1180 2403; x_wconf 77' lang='lat' dir='ltr'><strong>anniS,</strong></span> 
     </span>
     <span class='ocr_line' id='line_1_25' title="bbox 251 2433 1131 2483; baseline -0.001 -1"><span class='ocrx_word' id='word_1_113' title='bbox 251 2434 460 2483; x_wconf 81' lang='lat' dir='ltr'><strong>mallem</strong></span> <span class='ocrx_word' id='word_1_114' title='bbox 486 2433 681 2482; x_wconf 84' lang='lat' dir='ltr'><strong>divitias</strong></span> <span class='ocrx_word' id='word_1_115' title='bbox 706 2434 879 2483; x_wconf 81' lang='lat' dir='ltr'><strong>Midae</strong></span> <span class='ocrx_word' id='word_1_116' title='bbox 905 2434 1131 2483; x_wconf 84' lang='lat' dir='ltr'><strong>dedisses</strong></span> 
     </span>
    </p>

    <p class='ocr_par' dir='ltr' id='par_1_16' title="bbox 253 2521 1353 2675">
     <span class='ocr_line' id='line_1_26' title="bbox 253 2521 1353 2587; baseline -0.001 -17"><span class='ocrx_word' id='word_1_117' title='bbox 253 2522 341 2570; x_wconf 86' lang='lat' dir='ltr'><strong>isti</strong></span> <span class='ocrx_word' id='word_1_118' title='bbox 367 2521 491 2584; x_wconf 88' lang='lat' dir='ltr'><strong>quoi</strong></span> <span class='ocrx_word' id='word_1_119' title='bbox 518 2536 687 2584; x_wconf 89' lang='lat' dir='ltr'><strong>neque</strong></span> <span class='ocrx_word' id='word_1_120' title='bbox 713 2536 887 2570; x_wconf 88' lang='lat' dir='ltr'><strong>servus</strong></span> <span class='ocrx_word' id='word_1_121' title='bbox 916 2531 994 2571; x_wconf 86' lang='lat' dir='ltr'><strong>est</strong></span> <span class='ocrx_word' id='word_1_122' title='bbox 1018 2538 1189 2587; x_wconf 85' lang='lat' dir='ltr'><strong>neque</strong></span> <span class='ocrx_word' id='word_1_123' title='bbox 1214 2536 1353 2580; x_wconf 81' lang='lat' dir='ltr'><strong>arca,</strong></span> 
     </span>
     <span class='ocr_line' id='line_1_27' title="bbox 254 2610 1219 2675; baseline -0.002 -15"><span class='ocrx_word' id='word_1_124' title='bbox 254 2626 412 2675; x_wconf 84' lang='lat' dir='ltr'><strong>quam</strong></span> <span class='ocrx_word' id='word_1_125' title='bbox 438 2611 511 2659; x_wconf 87' lang='lat' dir='ltr'><strong>sic</strong></span> <span class='ocrx_word' id='word_1_126' title='bbox 538 2618 586 2659; x_wconf 86' lang='lat' dir='ltr'><strong>te</strong></span> <span class='ocrx_word' id='word_1_127' title='bbox 612 2610 804 2658; x_wconf 85' lang='lat' dir='ltr'><strong>sineres</strong></span> <span class='ocrx_word' id='word_1_128' title='bbox 832 2613 896 2659; x_wconf 82' lang='lat' dir='ltr'><strong>ab</strong></span> <span class='ocrx_word' id='word_1_129' title='bbox 923 2612 1016 2660; x_wconf 94' lang='lat' dir='ltr'><strong>illo</strong></span> <span class='ocrx_word' id='word_1_130' title='bbox 1044 2611 1219 2659; x_wconf 82' lang='lat' dir='ltr'><strong>amari.</strong></span> 
     </span>
    </p>
   </div>
   <div class='ocr_carea' id='block_1_9' title="bbox 1684 142 1746 193">
    <p class='ocr_par' dir='ltr' id='par_1_17' title="bbox 1684 142 1746 193">
     <span class='ocr_line' id='line_1_28' title="bbox 1684 142 1746 193; baseline -0.016 0"><span class='ocrx_word' id='word_1_131' title='bbox 1684 142 1746 193; x_wconf 69' lang='lat'><strong>21</strong></span> 
     </span>
    </p>
   </div>
  </div>
 </body>
</html>
