1942 3000
185 517 251 557 45

186 960 247 1000 50

186 1402 249 1442 55

183 1845 246 1886 60

184 2288 246 2329 65

293 172 396 223 150
916 176 1161 215 *namu

291 339 398 379 tum
426 332 587 380 victus
612 331 785 381 abiere
808 332 920 392 feri,
954 340 1064 380 tum
1089 332 1287 381 consita
1312 347 1513 395 pomuS‚

362 429 472 469 tum
499 421 629 470 bibit
651 421 882 483 inriguas
908 422 1092 470 fertilis
1118 421 1296 470 hortus
1323 437 1503 483 aquas,

292 523 449 559 aurea
475 518 582 558 tum
607 524 810 573 pressos
839 511 1056 572 pedibus
1083 510 1220 558 dedit
1244 525 1342 558 uva
1368 510 1593 572 liquores

361 599 624 661 mixtaque
649 613 830 648 securo
857 608 935 647 est
959 599 1133 647 sobria
1157 599 1364 662 lympha
1387 613 1546 648 mere.

290 701 410 734 rura
434 686 606 735 ferunt
631 701 840 746 messes,
874 687 1027 734 calidi
1056 702 1171 736 cum
1198 687 1376 736 sideris
1404 695 1548 736 aestu

363 774 571 838 deponit
598 775 753 823 flavas
780 790 954 823 annua
979 784 1115 824 terra
1141 790 1332 825 comae.

288 878 406 912 rure
431 864 558 912 levis
585 878 740 911 verno
766 864 920 913 flores
946 865 1058 928 apis
1083 865 1270 928 ingerit
1294 866 1459 924 alv00‚
1505 843 1555 926 ,Ρ
1585 845 1674 906 3¹²-
1691 890 1703 902 ι

362 953 603 1016 conpleat
630 962 686 1001 ut
712 953 850 1001 dulci
875 954 1053 1001 sedula
1078 954 1229 1001 melle
1253 955 1416 1004 favos·

289 1041 521 1104 agricola
547 1041 763 1090 adsiduo
791 1042 1012 1105 primum
1037 1043 1250 1091 satiatus
1278 1052 1447 1091 aratro

361 1130 583 1178 cantavit
608 1138 747 1179 certo
773 1131 965 1179 rustica
993 1133 1146 1180 verba
1171 1132 1301 1195 pede

290 1225 341 1266 et
365 1225 507 1266 satur
531 1219 695 1267 arenti
722 1220 942 1283 primum
967 1229 1046 1268 est
1068 1220 1361 1268 modulatus
1389 1234 1552 1268 avena

362 1321 585 1368 carmen,
618 1315 676 1357 ut
701 1317 912 1357 ornatos
940 1309 1131 1358 diceret
1154 1318 1273 1357 ante
1300 1310 1441 1368 dem,

290 1395 521 1457 agricola
546 1405 596 1445 et
620 1397 782 1445 minio
808 1396 1050 1457 suffusus,
1081 1397 1301 1457 Bacche,
1334 1396 1538 1447 rubenti

362 1484 555 1548 primus
581 1485 850 1549 inexperta
875 1485 1021 1535 duxit
1045 1487 1110 1534 ab
1137 1493 1243 1536 arte
1270 1487 1471 1537 choros.

287 1572 410 1622 huic
437 1574 582 1622 datus
609 1589 641 1622 a
666 1576 839 1638 pleno,
872 1577 1203 1624 memorabile
1227 1590 1430 1636 munim,
1464 1575 1585 1624 ovili

361 1661 468 1709 dux
498 1664 696 1725 pecoris
701 1682 737 1737 5
770 1673 936 1712 curtas
964 1672 1176 1713 auxerat
1202 1665 1371 1713 hircus
1400 1678 1542 1727 opeS.

287 1765 404 1798 rure
428 1765 556 1814 puer
580 1766 736 1800 verno
763 1753 984 1814 primum
1011 1754 1073 1801 de
1099 1754 1223 1802 flore
1257 1767 1504 1801 coronam

360 1839 484 1888 fecit
510 1847 561 1888 et
584 1840 808 1903 antiquis
835 1841 1068 1904 inposuit-
1093 1841 1306 1890 laribus·

289 1941 407 1975 rure
433 1928 586 1976 etiam
612 1929 799 1977 teneris
827 1944 1002 1977 curam
1028 1930 1315 1978 exhibitura
1340 1930 1523 1992 puellis

360 2017 517 2065 molle
542 2016 675 2079 gerit
698 2026 841 2080 tergo
868 2018 1039 2066 lucida
1064 2019 1225 2067 vellus
1253 2019 1380 2067 ovis.

287 2103 410 2153 hinc
438 2113 486 2153 et
512 2105 760 2155 femineus
787 2106 936 2154 labor
963 2115 1058 2166 est,
1091 2108 1212 2155 hinc
1239 2121 1400 2169 pensa
1428 2106 1696 2167 colusque,

359 2192 504 2242 fusus
533 2202 584 2243 et
610 2194 846 2256 adposito
873 2196 1064 2257 pollice
1089 2203 1255 2244 versat
1280 2210 1440 2257 opus:

289 2288 444 2343 atque
471 2282 651 2345 aliqua
675 2283 919 2331 adsiduae
945 2284 1135 2332 textrix
1160 2292 1371 2346 operata
1396 2283 1656 2331 Minervae

360 2377 553 2429 cantat,
588 2379 637 2419 et
662 2372 909 2433 adplauso
938 2373 1045 2420 tela
1073 2381 1226 2421 sonat
1251 2373 1426 2421 latere.

288 2458 400 2521 ipse
424 2457 662 2521 interque
688 2475 869 2523 greges
897 2461 1135 2523 interque
1160 2469 1391 2508 armenta
1418 2459 1619 2522 Cupido

359 2555 512 2596 natus
539 2555 590 2595 et
614 2548 888 2597 indomitas
915 2549 1100 2597 dicitur
1124 2549 1260 2598 inter
1284 2563 1461 2612 equas.

289 2634 397 2684 illic
422 2635 635 2685 indocto
663 2637 883 2699 primum
907 2651 963 2686 se
992 2637 1220 2687 exercuit
1243 2651 1393 2686 arcu:
