1942 3000
852 174 1047 212 Lmen.
1600 167 1673 220 η

220 333 268 382 si
294 332 387 380 tibi
412 346 519 380 non
548 330 687 379 cordi
714 330 916 379 fuerant
942 330 1166 378 conubia
1190 338 1385 390 nostra,

224 435 379 470 saeva
405 420 544 483 quod
568 419 814 468 horrebas
840 419 995 481 prisci
1022 427 1296 481 praecepta
1321 418 1565 480 parentis,

87 518 190 558 160
222 516 280 557 at
305 518 475 556 tamen
501 508 555 556 in
581 515 775 556 vestras
800 507 1012 570 potuisti
1039 508 1223 555 ducere
1247 505 1411 566 sedes,

88 960 195 1000 165

92 1400 192 1440 1¹10

92 1846 194 1886 175

226 610 363 660 quae
386 596 478 646 tibi
501 596 729 645 iucundo
754 596 1030 644 famularer
1057 609 1201 643 serva
1226 595 1420 655 labore,

227 685 448 734 candida
472 685 792 746 permulcens
820 684 1025 746 liquidis
1051 683 1265 745 vestigia
1288 683 1510 746 lymphis

225 786 548 837 purpureave
574 782 718 821 tuum
745 781 1079 821 consternens
1106 780 1244 820 veste
1270 771 1457 820 cubile.

228 861 320 911 sed
346 862 470 924 quid
497 875 594 922 ego
620 861 814 924 ignaris
842 861 1156 923 nequiquam
1183 874 1475 923 conqueror
1501 858 1659 917 auris,

229 957 499 999 externata
523 951 680 1009 melu,
713 963 847 1012 quae
873 949 1029 997 nullis
1056 949 1291 997 sensibus
1317 955 1497 996 auctae

226 1051 327 1086 nec
351 1037 534 1087 missas
561 1037 736 1086 audire
761 1047 957 1101 queunt
984 1051 1079 1086 nec
1103 1037 1313 1085 reddere
1340 1036 1526 1085 voces?

224 1125 316 1174 ille
342 1134 513 1174 autem
537 1140 698 1188 prope
723 1126 826 1174 ium
852 1126 1032 1174 mediis
1057 1134 1288 1174 versatur
1312 1126 1366 1173 in
1392 1125 1562 1179 undis,

225 1229 325 1262 nec
351 1215 625 1276 quisquam
648 1215 861 1277 adparet
885 1230 1046 1263 vacua
1070 1215 1299 1262 mortalis
1325 1214 1380 1262 in
1415 1215 1552 1276 alga.

226 1302 302 1351 sic
328 1302 480 1351 nimis
508 1303 762 1352 insultans
789 1312 1019 1352 extremo
1046 1312 1276 1365 tempore
1302 1317 1455 1351 saeva

224 1391 355 1440 Fors
384 1391 539 1439 etiam
564 1391 752 1441 nostris
779 1391 959 1440 invidit
985 1392 1249 1454 questibus
1277 1391 1434 1440 auris.

225 1479 460 1544 Iuppiter
487 1480 832 1544 omnipotens,
864 1481 1058 1530 utinam
1084 1496 1150 1530 ne
1174 1489 1404 1543 tempore
1428 1479 1593 1544 primo

227 1568 428 1619 Gnosia
455 1569 741 1633 Cecropiae
766 1571 1054 1632 tetigissent
1077 1570 1231 1617 litora
1265 1583 1481 1633 puppes,

226 1658 481 1706 indomito
507 1673 603 1707 nec
629 1658 740 1707 dira
764 1659 934 1707 ferens
961 1654 1217 1720 stipendia
1242 1667 1391 1707 tauro

225 1747 451 1810 perfidus
477 1747 532 1794 iu
560 1746 764 1795 Cretam
790 1747 1060 1810 religasset
1087 1748 1258 1796 navita
1289 1748 1481 1806 funem,

225 1850 323 1885 nec
349 1838 514 1886 malus
541 1835 624 1883 hic
652 1835 824 1884 celans
851 1836 987 1885 dulci
1016 1836 1242 1885 crudelia
1265 1838 1431 1885 forma

170 1972 175 1975 ,
227 1926 449 1975 consilia
472 1925 527 1973 in
553 1925 742 1973 nostris
769 1925 1052 1987 requiesset
1078 1926 1284 1973 sedibus
1312 1926 1532 1987 hospes!

93 2289 195 2330 180

229 2029 351 2062 nam
376 2028 480 2076 quo
507 2028 587 2062 me
612 2014 866 2061 referam?
904 2014 1047 2075 quali
1073 2028 1164 2076 spe
1189 2014 1386 2076 perdita
1412 2013 1585 2060 nitor?

226 2102 603 2151 Idomeneusne
627 2111 800 2164 petam
824 2108 1026 2151 montes
1042 2102 1065 2149 Ρ
1102 2103 1167 2150 ah
1193 2102 1396 2164 gurgite
1419 2102 1526 2150 lato

228 2191 496 2239 discedens
523 2198 740 2253 pontum
765 2190 1110 2238 truculentum
1135 2191 1224 2239 ubi
1250 2190 1429 2237 dividit
1452 2189 1683 2251 aequor?

228 2294 296 2327 an
325 2279 481 2342 patris
508 2277 758 2326 auxilium
783 2292 1002 2339 sperem,
1037 2292 1257 2340 quemne
1281 2279 1395 2342 ipsa
1419 2278 1604 2340 reliqui

228 2381 519 2430 respersum
544 2366 781 2413 iuvenem
806 2366 1033 2413 fraterna
1059 2366 1213 2415 caede
1240 2366 1454 2414 secuta?

230 2455 469 2516 coniugis
496 2469 563 2501 an
592 2454 694 2502 fido
721 2455 960 2501 consoler
986 2462 1172 2502 memet
1196 2468 1386 2513 amore,

229 2544 388 2607 quine
413 2543 547 2605 fugit
570 2542 740 2591 lentos
767 2541 1040 2589 incurvans
1067 2542 1271 2604 gurgite
1296 2556 1462 2590 remos
1479 2543 1503 2589 Ρ

228 2641 495 2696 praeterea
521 2632 668 2679 nullo
697 2630 836 2689 litus,
867 2631 980 2679 sola
1003 2630 1191 2688 insula,
1223 2638 1376 2689 tecte,
