1942 3000
764 145 947 192 usim
976 145 1019 183 1.
1538 142 1633 200 221

218 315 309 364 per
336 315 467 364 quos
494 315 648 364 saepe
675 302 799 349 mihi
827 302 1021 349 credita
1046 301 1333 364 perfidiast!

45 397 107 438 35
148 389 245 437 hos
270 396 326 437 tu
350 389 574 448 iurabas
611 369 787 452 Siquid„
806 390 1019 437 mentita
1043 389 1242 449 fuisseS,

220 485 277 525 ut
300 477 391 525 tibi
419 477 699 540 suppositis
728 477 1025 525 exciderent
1047 477 1285 526 manibus
1305 495 1316 526 ε

148 573 200 614 et
225 574 408 614 contra
431 581 677 628 magnum
703 573 848 628 potes
877 566 969 613 hos
997 566 1233 614 attollere
1260 567 1438 626 solem,

221 668 316 703 nec
340 654 512 702 tremis
540 654 792 702 admissae
819 653 1029 704 conscia
1054 653 1349 715 nequitiae?

147 744 264 805 quis
290 750 340 791 te
366 744 584 805 cogebat
607 742 796 789 multos
823 742 1017 804 pallere
1042 741 1240 791 colores

38 841 105 882 40
221 839 270 880 et
297 831 470 881 fletum
492 831 662 880 invitis
690 831 874 878 ducere
899 830 1214 877 luminibus?

147 922 262 985 quis
290 936 386 983 ego
412 935 551 969 nunc
578 934 749 982 perse,
779 919 971 967 similes
998 919 1283 966 moniturus
1310 928 1539 967 amantes

218 1011 269 1058 ‘o
296 1010 453 1058 nullis
476 1016 643 1057 tutum
668 1008 871 1057 credere
899 1008 1202 1055 blanditiis.'

741 1212 1049 1219 —-——-—-—-—

823 1451 965 1500 XVI.

144 1630 298 1691 Quae
322 1630 520 1679 fueram
544 1631 743 1692 magnis
772 1630 897 1678 olim
922 1629 1180 1691 patefacta
1205 1628 1493 1691 triumphis,

216 1721 375 1769 ianua
398 1720 649 1783 Tarpeiae
673 1726 797 1767 nota
822 1718 1115 1782 pudicitiae,

145 1811 293 1859 cuius
322 1809 543 1856 inaurati
573 1810 895 1856 celebrarunt
920 1807 1101 1855 limina
1125 1821 1302 1855 currus

219 1906 487 1960 captorum
510 1896 732 1945 lacrimis
760 1896 933 1944 umida
958 1895 1298 1958 supplicibus,

72 1994 102 2032 5
144 2000 287 2034 nunc
314 2000 429 2047 ego,
461 1985 726 2033 nocturnis
753 1993 992 2046 potorum
1017 1984 1193 2032 saucia
1216 1983 1356 2042 rixis,

219 2074 423 2135 pulsata
450 2073 675 2135 indignis
704 2087 857 2134 saepe
884 2087 1073 2134 queror
1097 2072 1350 2131 manibus,

145 2172 197 2210 et
221 2162 344 2209 mihi
374 2176 479 2209 non
505 2162 691 2209 desunt
715 2169 889 2223 turpes
916 2160 1141 2223 pendere
1168 2160 1394 2213 corollae

218 2264 425 2312 semper
451 2257 499 2297 et
524 2250 718 2299 exclusi
744 2251 894 2313 signa
920 2249 1088 2296 iacere
1112 2249 1269 2296 faces.

146 2353 243 2386 nec
269 2353 483 2400 possum
507 2338 714 2386 infamis
742 2339 982 2386 dominae
1010 2337 1281 2385 defendere
1309 2344 1503 2396 noctem,

23 2438 44 2477 1
63 2437 96 2477 0
221 2427 413 2475 nobilis
442 2428 677 2475 obscenis
705 2427 890 2474 tradita
917 2426 1245 2474 carminibus.

21 2527 44 2566 1
61 2526 92 2567 3
144 2515 238 2563 has
267 2515 398 2563 inter
422 2516 658 2578 gravibus
685 2530 845 2577 cogor
870 2515 1054 2562 deflere
1089 2515 1350 2575 querellis,

220 2604 469 2667 supplicis
496 2619 526 2652 a
550 2604 722 2666 longis
750 2603 943 2652 tristior
967 2603 1215 2652 excubiis.
