1942 3000
249 159 365 209 366
842 159 1173 199 Pnormrrn

317 313 549 378 ‘puniceo
578 330 734 364 canas
761 315 980 363 stamine
1006 310 1178 363 vincta
1202 328 1394 362 comas.

255 404 440 468 ‘parce
472 405 654 463 oculiS,
687 404 893 467 hospeS,
926 405 1149 465 lucoque
1175 403 1392 451 abscede
1418 404 1647 451 verendo
1665 408 1683 450 ε’

331 493 455 541 cede
481 493 701 555 agedum
728 500 778 539 et
802 499 911 539 tuta
937 491 1119 539 limina
1144 491 1324 552 linque
1348 490 1490 553 fuga.

158 590 220 631 55
266 581 539 629 interdicta
564 581 684 628 viris
710 579 986 628 metuenda
1011 580 1126 641 lege
1153 579 1324 641 piatur

333 683 465 732 quae
491 683 547 717 se
572 670 810 732 submota
833 667 1060 716 vindicat
1085 682 1176 715 ara
1201 681 1338 715 casa.

260 771 451 818 magno
480 756 704 809 Tiresias
731 755 968 817 adspexit
991 754 1205 802 Pallada
1229 763 1388 813 vateS,

332 844 490 893 fortia
514 844 637 891 dum
664 844 835 913 posita
861 842 1109 905 Gorgone
1134 843 1363 906 membra
1387 842 1544 890 lavat.

261 932 312 979 di
337 932 431 980 tibi
457 933 581 980 dent
605 932 736 980 alios
763 932 962 980 fontes:
1009 932 1137 979 haec
1162 931 1368 993 lympha
1393 931 1583 993 puellis

165 1029 227 1070 60
338 1020 452 1068 avia
477 1020 658 1068 secreti
684 1019 857 1066 limitis
884 1033 990 1067 una
1015 1019 1164 1067 fluit.'

263 1108 337 1157 sic
362 1089 523 1156 anus:
568 1108 658 1155 ille
683 1107 870 1155 umeris
898 1116 1069 1170 postes
1097 1099 1357 1156 concussit
1382 1121 1594 1170 opacOS,
1642 1153 1649 1158 .

337 1211 432 1245 nec
458 1195 576 1254 tulit
601 1195 784 1243 iratam
809 1195 965 1243 ianua
992 1195 1168 1242 clausa
1194 1193 1348 1242 sitim.
1424 1178 1435 1186 ⁶

267 1292 321 1333 at
345 1292 619 1348 postquam
643 1283 893 1331 exhausto
918 1285 1021 1330 iam
1049 1283 1258 1330 flumine
1282 1282 1474 1331 vicerat
1503 1289 1726 1343 aestum,

337 1372 487 1436 ponit
510 1372 597 1420 vix
622 1372 772 1420 siccis
799 1371 965 1419 tristia
989 1370 1102 1417 iura
1126 1370 1302 1419 labris·

149 1453 225 1512 ’65
264 1461 503 1524 ‘angulus
532 1460 615 1509 hic
638 1459 816 1508 mundi
842 1473 983 1507 nunc
1007 1472 1090 1506 me
1113 1472 1229 1507 mea
1254 1457 1361 1506 fata
1387 1458 1678 1508 trahentem

340 1550 557 1612 accipit:
604 1548 731 1597 haec
757 1549 894 1597 fesso
922 1548 1007 1595 vix
1031 1547 1157 1595 mihi
1181 1555 1317 1595 terra
1343 1554 1499 1609 patet.

266 1638 490 1686 maxima
516 1652 650 1700 quae
678 1637 918 1700 gregibus
947 1636 1130 1683 devota
1155 1643 1234 1684 est
1258 1650 1348 1684 ara
1371 1635 1606 1698 repertis,
1693 1644 1698 1650 '

340 1743 429 1775 ara
455 1742 547 1790 per
571 1728 689 1775 has'
716 1726 886 1788 inquit
907 1725 1159 1773 ‘maxima
1182 1725 1320 1772 facta
1345 1738 1549 1783 manus,

269 1816 395 1864 haec
422 1816 577 1863 nullis
605 1830 849 1876 umquam
874 1821 1049 1877 pateat
1072 1813 1362 1862 veneranda
1386 1812 1594 1875 puelliS‚

166 1913 227 1953 70
339 1903 577 1951 Herculis
606 1902 781 1950 eximii
807 1916 873 1949 ne
896 1902 964 1949 sit
987 1902 1153 1949 inulta
1177 1901 1328 1949 sitis,³

271 1999 465 2051 sancte,
497 1997 658 2053 pater,
691 1990 847 2049 salve,
882 1990 962 2038 cui
989 1991 1092 2038 iam
1116 1990 1251 2038 favet
1274 2003 1457 2052 aspera
1480 1989 1647 2038 Iunoz

342 2087 536 2140 sancte,
569 2080 694 2128 velis
720 2079 854 2126 libro
881 2078 1061 2127 dexter
1084 2079 1254 2127 ine-sse
1279 2092 1412 2126 mee.

273 2170 428 2227 hunc,
462 2167 708 2230 quoniam
732 2166 969 2216 manibus
997 2173 1271 2229 purgatum
1296 2172 1539 2214 sanxerat
1564 2165 1766 2227 orbem,

343 2256 419 2305 sic
447 2255 692 2305 Sanctum
718 2254 900 2302 Tatiae
926 2268 1249 2318 conposuere
1277 2252 1453 2304 Cures·
