1942 3000
750 170 926 211 Lmen
958 175 998 211 1.
1523 168 1625 219 127

201 330 420 379 iurasset
447 331 630 393 cupide
657 331 907 393 quidquid
931 331 1135 393 ineptus
1162 345 1336 379 amor:

37 427 91 466 25
133 433 322 481 perque
347 433 467 467 suas
493 420 687 482 inpune
713 420 836 468 sinit
860 420 1122 480 Dictynna
1149 420 1362 482 sagittas

203 507 454 567 adfirmeS,
488 508 654 557 crines
681 522 874 570 perque
898 508 1134 555 Minerva
1159 521 1299 556 sues.

133 605 186 644 at
209 597 251 643 si
274 597 544 655 tardueris,
578 597 801 645 errabis:
844 597 1059 645 transiet
1084 604 1242 644 aetas.

204 700 357 747 quam
383 685 484 733 eit-o
512 700 618 733 non
644 686 816 747 segnis
843 693 946 733 stat
970 692 1266 746 remeatque
1292 685 1430 733 dies!

133 789 285 836 quam
310 774 410 822 cito
437 788 723 836 purpureos
749 773 982 835 deperdit
1006 780 1142 821 terra
1168 774 1388 833 colores,

40 869 92 911 30
206 877 359 925 quam
385 862 487 911 cito
513 862 765 910 formosas
793 862 1017 924 populus
1043 862 1164 910 alba
1191 865 1391 911 comas!

133 966 287 1014 quam
312 951 462 1010 iacet,
493 950 728 999 infirmae
752 964 937 998 venere
962 951 1050 999 ubi
1077 951 1185 999 fata
1210 959 1465 1010 senectae,

205 1038 292 1101 qui
317 1038 461 1101 prior
482 1038 663 1085 Eleost
688 1051 892 1086 carcere
917 1038 1105 1086 missus
1133 1039 1328 1100 equus!

131 1127 234 1174 vidi
259 1128 362 1174 iam
387 1127 640 1185 iuvenem,
673 1134 925 1189 premeret
951 1140 1069 1175 cum
1094 1127 1259 1175 serior
1281 1133 1441 1187 aetaS,

202 1222 514 1262 maerentem
537 1214 725 1262 stultos
750 1214 1074 1276 praeteriisse
1106 1214 1230 1263 dies.

32 1311 89 1352 35
132 1303 363 1352 crudeles
391 1303 522 1350 divi!
562 1316 771 1365 serpens
798 1317 959 1350 novus
989 1303 1130 1351 exuit
1154 1318 1349 1352 annos:

202 1393 400 1440 formae
424 1407 531 1440 non
558 1393 721 1440 ullam
744 1392 851 1439 fata
877 1392 1062 1439 dedere
1086 1407 1300 1440 moram.

132 1482 258 1531 solis
286 1489 495 1530 aeterna
516 1488 596 1531 est
619 1481 831 1530 Phoebo
855 1481 1170 1544 Bacchoque
1195 1482 1431 1531 iuventa:

203 1587 326 1620 nam
350 1572 494 1620 decet
518 1572 755 1620 intonsus
782 1571 936 1619 crinis
961 1578 1237 1633 utrumque
1263 1572 1431 1620 deum.

129 1668 204 1719 tn,
239 1674 399 1722 puero
426 1660 788 1722 quodcumque
812 1666 901 1706 tuo
928 1665 1177 1721 temptare
1201 1660 1399 1719 libebit,

27 1759 86 1798 40
199 1750 379 1798 cedas:
423 1748 673 1811 obsequio
700 1749 922 1811 plurima
946 1749 1103 1797 vineit
1122 1763 1287 1797 amor.

128 1853 233 1888 neu
264 1853 433 1887 comes
459 1839 534 1886 ire
560 1852 735 1900 neges,
771 1838 1001 1899 quamvis
1029 1838 1110 1885 via
1134 1838 1294 1900 longa
1320 1847 1526 1900 paretur

203 1936 255 1976 et
279 1928 420 1976 canis
447 1927 611 1975 arenti
637 1934 828 1975 torreat
854 1941 973 1974 arva
1000 1927 1104 1986 siti,

128 2017 362 2079 quamvis
388 2025 694 2078 praetexens
722 2016 870 2077 picea
895 2015 1157 2077 ferrugine
1184 2016 1384 2063 eaelum

201 2112 467 2153 venturam
492 2104 725 2152 admittat
749 2104 990 2152 nimbifer
1015 2118 1169 2152 eurus
1194 2118 1399 2166 aquam.

24 2202 45 2241 4
62 2204 85 2239 5
126 2194 210 2241 vel
238 2193 281 2242 si
308 2193 758 2255 caeruleaspuppi
783 2192 923 2240 volet
946 2193 1026 2240 ire
1048 2207 1141 2255 per
1164 2193 1348 2252 undas,

200 2282 315 2345 ipse
341 2282 502 2330 levem
526 2296 667 2329 remo
695 2295 788 2343 per
811 2281 941 2328 freta
964 2282 1101 2344 pelle
1126 2289 1303 2329 ratem.

127 2387 229 2420 nec
256 2379 306 2419 te
331 2371 593 2434 paeniteat
617 2371 775 2418 duros
799 2371 1019 2419 subiisse
1045 2371 1247 2418 labores

203 2468 296 2508 ant
320 2475 479 2522 opera
503 2460 730 2507 insuetas
757 2460 1027 2508 atteruiss'e
1052 2475 1255 2519 manus,

125 2564 246 2609 nec,
280 2548 403 2596 velit
425 2548 625 2596 insidiis
652 2549 782 2596 altas
811 2549 854 2596 si
882 2549 1122 2597 claudere
1146 2549 1324 2608 valleS,

23 2647 80 2686 50
201 2638 327 2685 dum
353 2638 576 2700 placeaS,
607 2637 770 2686 umeri
794 2639 921 2687 retia
946 2638 1080 2687 ferre
1106 2646 1314 2701 negent.
