1942 3000
155 340 217 379 15

157 782 218 822 20

158 1223 218 1263 25

159 1666 220 1707 30

161 2110 220 2151 35

158 2550 221 2590 40

260 172 364 221 130
881 174 1123 212 TIBULLI

257 331 368 393 ipse
394 345 491 392 ego
519 331 711 378 velatus
739 331 825 379 filo
853 330 1144 393 tunicisque
1167 330 1349 378 solut-is

330 427 450 468 vota
476 434 658 467 novem
680 420 884 467 Triviae
913 427 1065 467 nocte
1091 420 1273 467 silente
1299 419 1431 467 dedi.

261 508 434 557 omnia
458 508 708 571 persolvi:
752 508 938 555 fruitur
965 523 1104 555 nunc
1130 509 1258 556 alter
1283 522 1475 566 amore,

332 605 381 645 et
404 589 640 659 precibus
667 596 793 644 felix
817 596 979 643 utitur
1003 596 1092 644 ille
1116 597 1261 644 meis.

261 694 313 734 at
336 685 461 733 mihi
486 685 688 733 felicem
712 686 886 743 vitam,
920 685 962 732 si
990 686 1130 732 salva
1157 685 1358 744 fuisseS,

333 774 588 835 fingebam
614 774 839 832 demem,
872 774 960 821 sed
990 781 1234 821 renuente
1259 774 1373 821 deo,

260 877 380 909 rura
407 862 592 920 colam,
625 862 934 925 frugumque
958 861 1121 909 aderit
1147 875 1260 908 mea
1284 860 1437 909 Delia
1462 868 1654 922 custoe,

333 964 454 998 area
480 949 600 996 dum
616 955 817 997 *messes
844 949 956 996 sole
983 950 1184 997 calente
1209 956 1357 1008 teret,

261 1045 349 1086 aut
373 1038 498 1086 mihi
525 1038 744 1085 servabit
769 1038 934 1100 plenis
962 1038 1016 1084 in
1043 1038 1283 1085 lintribus
1312 1053 1435 1085 uvas

332 1140 612 1189 pressaque
636 1127 799 1173 veloci
826 1125 1044 1173 candida
1069 1133 1237 1173 musta
1262 1127 1407 1188 pede,

262 1222 564 1263 consuescet
589 1228 855 1262 numerare
882 1227 1057 1277 pecu8‚
1092 1223 1394 1262 consuescet
1419 1216 1638 1263 amantis

332 1303 566 1365 garrulus
593 1302 647 1349 in
674 1301 912 1350 dominae
937 1302 1114 1349 ludere
1140 1316 1295 1349 verna
1319 1302 1452 1350 sinu.

260 1391 350 1438 illa
375 1390 472 1438 deo
499 1391 625 1438 sciet
648 1390 907 1452 agricolae
933 1405 1027 1453 pro
1045 1391 1241 1458 ’vitibus
1269 1406 1437 1450 uvam,

333 1494 428 1543 pro
455 1487 628 1543 segete
654 1480 842 1543 spicaS,
875 1494 969 1543 pro
997 1494 1153 1543 grege
1178 1480 1311 1528 serre
1338 1481 1538 1544 dapem.

260 1569 353 1617 illa
377 1577 523 1631 regat
548 1576 780 1629 cunctos,
811 1569 889 1617 illi
916 1570 1021 1617 sint
1046 1570 1221 1617 omnia
1248 1583 1431 1617 curae:

333 1666 386 1706 at
409 1659 546 1707 iuvet
569 1659 623 1706 in
649 1666 758 1706 tota
782 1672 863 1706 me
889 1658 1016 1706 nihil
1043 1672 1156 1705 esse
1190 1658 1342 1705 domo

261 1747 363 1796 huc
389 1748 560 1795 veniet
584 1748 828 1795 Messalla
853 1762 1015 1806 meus,
1051 1748 1132 1796 cui
1160 1747 1331 1794 dulcia
1356 1760 1511 1809 poma

333 1835 487 1883 Delia
511 1836 714 1884 selectis
743 1835 976 1883 detrahat
1000 1836 1270 1883 arboribus
1290 1852 1302 1882 z

265 1932 316 1973 et
339 1932 541 1973 tantum
565 1931 803 1972 venerata
830 1924 1010 1983 virum,
1040 1925 1177 1972 hunc
1203 1924 1381 1972 sedula
1414 1930 1572 1983 curet,

333 2013 451 2061 huic
476 2020 621 2076 paret
646 2020 801 2074 atque
829 2013 1007 2075 epulas
1033 2012 1147 2074 ipsa
1172 2012 1406 2060 ministra
1430 2018 1591 2073 gerat.

261 2101 389 2149 haec
417 2101 541 2149 mihi
569 2102 839 2162 fingebam,
873 2114 1008 2162 quae
1032 2115 1171 2148 nunc
1197 2114 1453 2161 eurusque
1477 2107 1737 2163 notusque

332 2190 490 2238 iactat
515 2190 755 2237 odoratos
782 2196 901 2237 vota
924 2203 1019 2251 per
1041 2188 1335 2236 Armenios,

265 2292 418 2340 saepe
445 2292 541 2341 cgo
568 2278 811 2340 temptavi
839 2293 985 2326 curas
1013 2277 1269 2340 depellere
1294 2277 1445 2324 vino:

334 2374 387 2414 at
413 2367 564 2414 dolor
586 2365 641 2413 in
666 2366 900 2414 lacrimas
927 2372 1150 2414 verterat
1174 2378 1328 2413 omne
1352 2379 1563 2413 merum.

263 2468 417 2518 saepe
442 2455 597 2502 aliam
622 2455 793 2503 tenui:
836 2456 925 2504 sed
951 2455 1056 2503 iam
1082 2470 1199 2503 cum
1223 2454 1412 2516 gaudia
1436 2453 1647 2513 adirem,

334 2543 603 2590 admonuit
627 2543 866 2591 dominae
891 2543 1219 2605 deseruitque
1243 2542 1440 2590 Venus,

264 2640 372 2680 tum
396 2646 477 2681 me
503 2632 769 2685 discedens
795 2634 1038 2682 devotum
1062 2633 1253 2681 femina
1278 2632 1425 2691 dixit,
