1942 3000
265 158 371 208 248
858 159 1178 198 PROPER'rn

262 318 367 367 iam
391 326 548 379 negat
571 316 856 380 Euphrates
885 317 1110 380 equitem
1134 324 1253 380 post
1277 323 1420 379 terga
1443 317 1576 365 tueri

332 406 656 466 Parthorum,
691 413 741 455 et
767 405 980 455 Crassos
1008 419 1064 454 se
1089 406 1313 454 tenuisse
1339 406 1505 454 dolet:

163 499 221 542 15
262 495 411 543 India
437 494 582 557 quin,
616 495 867 558 Auguste,
899 502 990 543 tuo
1016 495 1104 543 dat
1129 495 1266 543 colla
1291 495 1568 558 triumphe,

334 590 383 630 et
409 583 589 631 domus
614 583 837 631 intactae
863 590 913 631 te
939 584 1111 631 tremit
1135 583 1387 632 Arabiae:

263 677 312 717 ct
336 669 486 736 siqua
511 669 749 719 extremis
778 671 931 719 tellus
957 684 1013 719 se
1038 670 1294 719 subtrahit
1319 671 1442 732 oriS,

331 758 519 806 sentiat
540 758 633 807 illa
653 764 769 807 tuas
796 765 913 821 post
935 758 1091 807 modo
1119 765 1269 821 capta
1293 772 1493 808 manus.

258 845 386 895 haec
412 860 509 909 ego
538 854 705 895 castra
729 861 934 909 sequar.
990 854 1130 896 vates
1156 854 1244 894 tua
1269 854 1438 895 castra
1462 845 1695 895 canendo

156 941 218 982 20
329 949 546 998 magnus
575 949 681 984 ero,
721 942 923 984 servent
946 935 1086 984 hunc
1111 935 1233 983 mihi
1257 935 1363 983 fata
1391 935 1555 984 diem!

256 1032 315 1074 ut
339 1033 494 1089 caput
517 1026 572 1074 in
597 1026 798 1089 magnis
824 1025 913 1074 ubi
937 1032 1046 1073 non
1074 1033 1149 1074 est
1176 1033 1388 1088 tangere
1412 1024 1593 1087 signi3,

330 1115 540 1178 ponitur
564 1114 646 1163 hic
671 1114 802 1162 imos
828 1122 951 1163 ante
978 1129 1172 1163 corona
1197 1114 1370 1178 pedeS,

260 1203 335 1252 sic
361 1218 457 1252 nos
486 1217 643 1263 nunc,
667 1202 856 1266 ,inopes
882 1202 1050 1253 laudis
1080 1202 1426 1252 conscendere
1451 1214 1674 1261 carmen,

328 1291 639 1354 pauperibus
666 1290 824 1339 sacris
851 1291 970 1339 vilia
996 1299 1110 1339 tura
1135 1291 1333 1339 damus,

153 1387 215 1428 25
256 1380 488 1428 nondum
508 1379 660 1427 etiam
678 1379 934 1429 Ascraeos
954 1387 1148 1428 norunt
1173 1394 1288 1428 mea
1308 1378 1539 1428 carmina
1555 1376 1746 1437 somme,

329 1461 416 1518 s'cd
442 1469 596 1518 modo
622 1469 873 1519 Permessi
897 1469 1108 1520 flumine
1133 1469 1257 1519 lavit
1278 1467 1459 1518 Amor.

250 2177 478 2227 scribant
504 2177 564 2226 de
590 2185 639 2227 te
665 2178 753 2226 alii
778 2178 859 2226 vel
884 2178 954 2227 sis
981 2179 1180 2242 ignota,
1213 2179 1415 2229 licebit:

319 2266 508 2327 laudet,
541 2267 629 2330 qui
655 2267 814 2316 sterili
840 2267 1038 2315 semina
1063 2269 1211 2331 ponit
1229 2270 1403 2318 hume.

249 2355 440 2415 omnia,
474 2354 621 2403 crede
646 2355 789 2416 mihi,
821 2371 996 2405 secum
1022 2372 1125 2405 uno
1152 2372 1366 2418 munera
1391 2358 1528 2407 lecto

318 2443 515 2491 auferet
541 2445 752 2492 extremi
779 2443 971 2493 funeris
999 2452 1110 2494 atra
1134 2445 1265 2495 dies:

178 2540 205 2580 5
247 2539 296 2580 et
322 2538 411 2579 tua
435 2532 672 2580 transibit
697 2539 1034 2582 contemnens
1063 2548 1182 2583 ossa
1207 2534 1389 2594 viator,

316 2633 412 2668 nec
439 2619 574 2668 dicet
596 2620 745 2669 ‘cinis
772 2620 853 2670 hic
880 2621 1033 2670 docta
1059 2622 1235 2685 puella
1261 2621 1398 2670 fuit.'
