1942 3000
247 144 354 195 214
834 147 1155 187 PROPERTII

320 304 498 366 accipe
525 303 826 352 commissae
851 318 1065 352 munera
1090 304 1333 353 laetitiae.

247 407 353 441 non
382 393 551 440 solum
575 399 767 440 vestros
795 391 948 440 didici
976 393 1189 441 reticere
1216 394 1442 442 calores:

318 489 396 528 est
422 480 663 542 quiddam
687 481 742 527 in
768 481 918 528 nobis
945 480 1125 542 maius5
1159 482 1339 542 amice,
1372 483 1486 531 fide.

146 577 161 616 1
182 580 205 618 5
248 584 461 632 possum
487 583 583 631 ego
609 568 835 617 diversos
862 570 1047 617 iterum
1074 571 1390 634 coniungere
1416 580 1665 632 amantes,

318 666 367 707 et
393 658 630 706 dominae
656 658 826 706 tardas
855 673 1067 721 possum
1092 660 1291 723 aperire
1318 660 1472 720 soree,

246 755 296 795 et
322 761 533 810 possum
559 747 765 794 alterius
794 761 941 796 curas
970 762 1154 796 sanare
1180 749 1416 808 recentia,

316 847 412 881 nec
439 833 563 881 levis
590 833 645 881 in
671 833 835 881 verbis
866 841 941 881 est
965 835 1220 883 medicina
1243 836 1389 883 meiS.

246 918 466 982 Cynthia
491 935 573 969 me
600 921 772 968 docuit
796 935 999 983 semper
1025 937 1380 985 quaecumque
1406 924 1625 986 petenda

139 1015 203 1056 20
318 1023 553 1071 quaeque
579 1009 804 1056 cavenda
829 1009 1026 1058 forent:
1071 1024 1179 1058 non
1206 1011 1332 1059 nihil
1362 1011 1465 1074 egit
1487 1013 1667 1061 Amor.

244 1105 300 1144 tu
326 1112 449 1145 cave
476 1111 541 1145 ne
566 1097 698 1144 tristi
726 1098 903 1160 cupias
932 1113 1167 1160 pugnare
1194 1100 1414 1162 puellae,

316 1198 443 1233 neve
468 1185 690 1248 superba
713 1185 875 1247 loqui,
909 1200 1036 1234 neve
1061 1195 1231 1235 tacere
1256 1187 1369 1235 diu:

239 1288 362 1333 nen,
395 1274 563 1336 siquid
591 1275 753 1337 petiit,
786 1275 992 1338 ingrata
1019 1275 1190 1323 fronte
1216 1277 1436 1339 negari8‚

315 1376 418 1410 neu
443 1362 535 1410 tibi
561 1376 658 1425 pro
686 1377 817 1411 vano
843 1365 999 1412 verba
1025 1364 1250 1426 benigna
1278 1365 1479 1413 cadant.

126 1456 203 1496 '25
244 1450 453 1498 inritata
478 1450 647 1518 vemt,-
670 1452 877 1515 quando
906 1453 1252 1500 contemnitur
1278 1452 1387 1513 illa,

316 1553 412 1588 nec
437 1540 672 1587 meminit
698 1541 857 1589 iustas
885 1557 1079 1604 ponere
1106 1543 1247 1590 laesa
1271 1542 1463 1590 minas:

244 1634 297 1674 at
323 1642 426 1689 quo
455 1627 523 1675 sis
553 1628 755 1677 humilis
784 1631 947 1692 magis
977 1638 1028 1677 et
1053 1630 1311 1679 subiectus
1340 1632 1520 1689 amori,

313 1715 412 1763 hoc
441 1716 602 1778 magis
634 1717 814 1765 effecto
841 1732 997 1780 sacpe
1022 1718 1192 1766 fruare
1218 1720 1376 1766 bone.

243 1803 283 1851 is
313 1805 504 1866 poterit
530 1805 655 1853 felix
681 1821 784 1854 una
810 1821 1075 1855 remanere
1103 1808 1295 1870 puella,

133 1899 201 1938 30
316 1893 404 1954 qui
431 1909 714 1956 numquam
738 1909 900 1943 vacuo
928 1902 1138 1957 pectore
1164 1896 1295 1943 liber
1319 1896 1427 1944 erit.

940 2265 1034 2314 XI.

243 2426 442 2489 Ecquid
468 2433 519 2474 te
544 2425 722 2473 mediis
753 2433 1056 2484 cessantem,
1090 2424 1330 2487 Cynthia,
1361 2424 1524 2483 Baiis,

318 2529 421 2576 qua
444 2514 576 2562 iacet
603 2513 869 2562 Herculeis
898 2514 1078 2561 semita
1103 2513 1357 2571 litoribuS,

245 2613 295 2650 ct
320 2602 474 2651 modo
502 2609 552 2649 te
578 2601 747 2650 Protei
774 2601 1044 2648 mirantem
1070 2600 1273 2648 subdita
1298 2613 1460 2661 regno
