1942 3000
805 153 985 191 mmm
1013 154 1055 190 1.
1577 152 1681 203 139

255 322 352 357 nec
379 309 593 357 nitidum
618 310 763 357 tarda
788 311 1067 373 compserit
1089 318 1197 359 arte
1222 319 1394 374 caput.

182 412 309 445 num
333 404 383 446 te
409 398 738 459 carminibuS,
769 414 895 447 num
919 406 970 447 te
994 400 1305 462 pallentibus
1332 401 1500 449 herbis

256 485 457 533 devovit
481 487 641 534 tacito
667 493 896 549 tempore
922 487 1089 536 noctis
1116 487 1281 536 auus?

184 582 367 622 cantus
394 575 573 623 vicinis
600 576 773 637 fruges
801 576 1024 624 traducit
1048 578 1113 625 ab
1139 577 1294 638 agris,

73 671 140 712 20
259 672 438 714 cantus
466 672 514 712 et
536 664 695 713 iratae
721 665 913 713 detinet
938 665 1121 727 anguis
1149 666 1263 725 iter,

184 759 366 801 cautus
395 760 444 800 et
468 767 496 801 e
523 768 675 801 curru
700 752 905 801 Lunam
929 753 1178 801 deducere
1203 761 1436 816 temptat,

258 850 307 889 et
332 841 536 901 faceret,
569 842 612 890 si
641 856 746 889 non
774 856 893 890 aera
919 842 1126 904 repulsa
1150 850 1354 891 sonent.

185 931 309 994 quid
336 944 522 993 queror
546 931 647 978 heu
673 931 857 979 misero
886 945 1092 979 carmen
1117 932 1384 992 nocuisse,
1417 932 1540 995 quid
1566 933 1682 981 her·

398 1019 522 1067 bas?
610 1023 614 1027 “

255 1107 423 1156 forma
448 1108 578 1157 nihil
603 1109 818 1171 magicis
844 1110 1005 1156 utitur
1030 1110 1240 1159 auxiliis
1260 1127 1271 1157 ε

73 1206 139 1247 25
182 1196 273 1245 sed
301 1211 487 1259 eorpus
516 1197 746 1259 tetigisse
770 1204 942 1257 nocet,
976 1198 1065 1246 sed
1092 1199 1250 1260 longa
1275 1198 1475 1247 dedisse

257 1285 451 1343 oscula,
483 1284 572 1333 sed
598 1285 779 1333 femori
809 1286 1131 1334 conseruisse
1154 1286 1336 1335 femur.

181 1387 279 1421 nec
306 1382 360 1421 tu
387 1373 607 1421 difficilis
636 1388 796 1436 puero
823 1381 995 1422 tamen
1024 1388 1135 1422 esse
1161 1383 1418 1424 memento

256 1462 602 1526 (persequitur
625 1463 805 1526 poenis
833 1463 997 1512 tristia
1025 1464 1164 1512 facta
1190 1463 1412 1527 Venus),

180 1567 396 1601 munera
424 1567 518 1600 nec
545 1568 757 1616 poscas:
803 1554 887 1601 det
911 1567 1126 1601 munera.
1152 1568 1310 1602 canus
1338 1561 1551 1612 amator,

73 1647 138 1690 30
255 1648 313 1687 nt
334 1641 508 1689 foveas
534 1642 679 1689 molli
705 1641 893 1703 frigida
919 1642 1146 1690 membra
1172 1641 1304 1690 sinu.

182 1729 351 1777 carior
376 1737 451 1777 est
476 1745 601 1777 auro
628 1731 824 1779 iuvenis
852 1730 935 1779 cui
961 1730 1093 1778 levia
1118 1729 1318 1792 fulgent

256 1832 345 1864 ora
372 1831 467 1866 nec
492 1818 760 1879 amplexus
787 1832 974 1881 aspera
1002 1819 1161 1866 barba
1186 1818 1317 1865 terit.

182 1907 303 1954 huic
329 1914 385 1954 tu
412 1907 686 1955 candentes
715 1921 891 1955 nmero
918 1921 1154 1969 suppone
1179 1907 1416 1966 lacertos,

257 2003 307 2043 et
330 2010 508 2057 regum
531 2010 751 2057 magnae
776 1996 1125 2058 despiciantur
1149 2010 1291 2058 opes.

74 2093 141 2134 35
181 2090 236 2132 at
261 2084 438 2131 Venus
465 2084 691 2132 inveniet
716 2098 875 2146 puero
903 2084 1238 2132 succumbere
1269 2082 1463 2141 furtim,

257 2173 377 2219 dum
403 2180 562 2219 tumet
587 2180 638 2220 et
664 2179 870 2219 teneros
896 2172 1123 2220 conserit
1147 2184 1311 2233 usque
1337 2170 1497 2229 sinus,

183 2267 234 2309 et
259 2261 378 2307 dare
404 2260 665 2308 anhelanti
692 2260 1044 2322 pugnantibus
1071 2260 1243 2308 umida
1267 2258 1457 2321 linguis

257 2349 436 2398 oscula
464 2356 513 2397 et
536 2350 589 2397 in
620 2350 757 2397 collo
785 2351 939 2411 figere
965 2350 1117 2397 dente
1143 2355 1311 2397 notas.

182 2453 292 2486 non
329 2439 460 2501 lapis
499 2439 635 2487 hanc
673 2452 1005 2500 gemmaeque
1053 2438 1260 2496 iuvant,
1316 2451 1448 2499 quae
1485 2436 1677 2499 frigore

397 2527 510 2574 sola

76 2625 140 2666 4ο
257 2616 474 2664 dormiat
500 2623 549 2663 et
574 2616 703 2664 nulli
730 2616 798 2665 sit
822 2616 1076 2679 cupienda
1101 2616 1225 2663 viro·
