1942 3000
799 183 974 221 nmen
1006 184 1067 221 v.
1555 182 1658 233 341

285 339 361 386 vel
388 338 510 386 licet
534 339 741 387 armatis
768 340 930 388 hostis
956 339 1167 388 inermis
1195 354 1300 399 eas,

218 429 291 475 vel
316 426 616 475 tremefacta
641 442 766 474 cavo
795 428 949 476 tellus
978 428 1186 476 diducat
1209 428 1433 477 hiatum:

103 523 191 566 150
286 516 533 578 octipedis
561 516 733 564 cancri
758 523 903 579 terga
929 517 1134 565 sinistra
1158 517 1319 565 time.'

898 957 966 1005 11.

215 1131 348 1192 Quid
376 1133 559 1181 mirare
584 1147 723 1182 meas
751 1140 828 1181 tot
850 1133 905 1181 in
932 1148 1039 1181 uno
1066 1148 1283 1196 corpore
1308 1132 1535 1182 formas?

280 1221 459 1283 accipe
483 1222 751 1269 Vertumni
779 1222 931 1283 signa
956 1229 1171 1284 paterna
1196 1222 1294 1270 dei.

208 1309 407 1357 Tuscus
436 1323 552 1371 eg0,
585 1317 634 1356 et
658 1310 841 1358 Tuscis
871 1310 1028 1369 orior,
1061 1324 1156 1357 nec
1182 1309 1413 1372 paenitet
1433 1310 1570 1357 inter

281 1397 480 1458 proelia
505 1397 772 1446 Volsinios
801 1398 1086 1446 deseruisse
1111 1397 1277 1445 focos,

154 1496 178 1535 5
207 1485 334 1533 haec
360 1499 441 1532 me
467 1486 617 1534 turba
643 1486 799 1545 iuvat,
831 1500 927 1535 nec
954 1487 1146 1550 templo
1172 1487 1338 1535 laetor
1364 1486 1588 1535 eburno:

279 1573 570 1622 Romanum
596 1575 720 1623 satis
747 1582 824 1623 est
850 1590 1003 1637 posse
1028 1575 1196 1622 videre
1221 1574 1409 1622 forum.

207 1662 305 1710 hac
333 1663 595 1725 quondam
619 1663 892 1711 Tiberinus
919 1664 1015 1710 iter
1040 1663 1280 1721 faciebat,
1312 1669 1362 1710 et
1387 1662 1532 1709 aiunt

279 1765 537 1799 remorum
562 1751 765 1799 auditos
792 1765 884 1813 per
907 1751 1039 1798 vada
1065 1752 1215 1813 pulsa
1241 1765 1429 1799 sonos:

206 1846 261 1887 at
289 1847 567 1902 postquam
592 1840 682 1888 ille
708 1840 813 1888 suis
840 1846 1041 1887 tantum
1068 1838 1325 1887 concessit
1350 1838 1594 1896 alumni8‚

113 1934 173 1975 10
277 1927 590 1975 Vertumnus
610 1942 761 1975 verso
789 1927 931 1975 dicor
954 1927 1020 1974 ab
1049 1940 1199 1974 amne
1227 1925 1369 1973 deus.

205 2030 316 2074 seu,
352 2015 476 2076 quia
501 2015 743 2062 vertentis
769 2016 992 2062 fructum
1017 2014 1371 2076 praecepimus
1398 2013 1540 2071 anni,

275 2102 548 2151 Vertumni
574 2102 755 2164 vulgus
783 2102 997 2150 credidit
1021 2115 1134 2149 esse
1160 2116 1382 2149 sacrum.

200 2190 370 2253 prima
394 2189 518 2236 mihi
546 2188 708 2236 variat
732 2189 1006 2237 liventibus
1032 2203 1131 2236 uva
1158 2188 1373 2237 racemis

280 2286 330 2326 et
358 2293 505 2325 coma
530 2278 742 2325 lactenti
770 2277 944 2340 spicea
970 2278 1117 2340 fruge
1140 2283 1317 2326 tumet.

103 2374 166 2416 15
198 2366 287 2414 hic
315 2366 489 2414 dulces
518 2379 740 2422 cerasos,
775 2366 858 2414 hic
884 2366 1203 2414 autumnalia
1228 2380 1395 2427 pruna

276 2454 442 2502 cernis
471 2461 522 2501 et
545 2453 735 2501 aestivo
763 2468 909 2501 mora
934 2455 1116 2502 rubere
1144 2453 1242 2501 die.

196 2541 390 2589 insitor
413 2541 497 2590 hic
525 2542 678 2589 solvit
702 2556 918 2603 pomosa
945 2549 1064 2589 vota
1089 2557 1299 2601 corona,

277 2645 393 2678 cum
418 2630 560 2693 pirus
585 2630 748 2678 invito
777 2629 948 2694 stipite
971 2630 1110 2678 mala
1133 2631 1267 2678 tulit.
