1942 3000
260 153 365 203 318
847 155 1172 194 PROPER'rn
1258 151 1265 159 ·

262 313 404 375 quod
429 327 536 361 non
564 312 782 361 infames
811 320 1016 361 exercet
1040 327 1257 376 corpore
1282 313 1432 362 ludos

327 402 463 451 inter
487 403 744 450 luctantes
771 401 909 450 nuda
933 400 1112 464 puella
1144 400 1295 461 viros,

194 499 219 538 5
265 505 381 540 cum
411 490 519 554 pila
544 490 734 539 velocis
760 490 898 538 fallit
922 504 1014 552 per
1041 490 1285 538 bracchia
1309 490 1492 551 iactus,

330 579 565 641 increpat
591 587 641 627 et
665 579 796 627 versi
823 578 983 626 clavis
1006 577 1211 626 adunca
1235 578 1417 637 trochi,

256 666 716 730 pulverulentaque
741 666 806 714 ad
832 674 1086 714 extremas
1114 673 1216 714 stat
1241 666 1436 716 femina
1457 675 1639 725 metas,
1670 674 1677 680 '

327 765 377 803 et
402 755 595 817 patitur
620 755 748 803 duro
774 756 989 803 vulnera
1014 755 1302 817 pancratio,

257 859 396 893 nunc
421 844 547 907 ligat
573 844 638 892 ad
666 852 895 892 caestum
919 844 1198 906 gaudentia
1223 845 1463 893 bracchia
1489 844 1635 904 loris,

153 939 212 980 10
325 932 522 981 missile
545 947 686 980 nunc
711 931 840 980 disci
866 932 1070 994 pondus
1100 932 1153 979 in
1183 932 1309 980 orbe
1335 939 1485 989 rotat,

253 1035 435 1082 gyrum
461 1021 635 1084 pulsat
660 1020 823 1083 equi8‚
854 1020 1062 1068 niveum
1088 1020 1224 1068 latus
1252 1033 1374 1068 ense
1399 1020 1636 1079 revincit,

322 1108 709 1171 virgineumque
736 1122 859 1157 cavo
887 1107 1113 1171 protegit
1137 1122 1256 1157 aere
1294 1117 1467 1172 caput,

253 1198 422 1261 qualis
448 1198 827 1246 Amazonidum
851 1197 1057 1246 nudatis
1084 1197 1273 1246 bellica
1296 1198 1531 1247 mammis

320 1286 798 1335 Thermodontiacis
825 1287 994 1345 turba,
1024 1286 1244 1345 lavatur,
1275 1286 1443 1349 aquiS,

150 1383 209 1423 15
252 1382 303 1424 et
326 1375 478 1423 modo
505 1375 740 1438 Taygeti,
773 1375 939 1427 crines
966 1374 1213 1437 adspersa
1237 1374 1441 1437 pruina,

321 1471 548 1514 sectatur
574 1465 768 1528 patrios
795 1478 887 1529 per
911 1464 1037 1528 iuga
1060 1464 1222 1527 longa
1249 1477 1421 1513 caneS.

251 1553 420 1616 qualis
451 1561 501 1601 et
524 1553 750 1602 Eurotae
773 1553 966 1601 Pollux
994 1560 1044 1601 et
1070 1551 1255 1601 Castor
1279 1552 1506 1610 harenis,

322 1641 409 1689 hic
435 1642 595 1690 victor
620 1642 827 1704 pugnis,
858 1642 947 1690 ille
971 1642 1173 1690 futurus
1203 1642 1347 1704 equis
1368 1658 1380 1701 ;

250 1727 389 1777 inter
414 1745 545 1792 quos
574 1729 771 1779 Helene
797 1729 946 1778 nudis
974 1743 1162 1793 capere
1185 1743 1330 1777 arma
1353 1729 1565 1793 papillis

147 1822 209 1864 20
322 1816 482 1865 fertur
507 1830 605 1865 nec
630 1817 811 1865 fratres
843 1817 1108 1866 erubuisse
1134 1817 1276 1866 deos.

250 1904 337 1953 lex
359 1904 516 1965 igitur
544 1903 802 1968 Spartana
825 1914 960 1955 vetat
987 1907 1225 1955 secedere
1252 1913 1500 1966 amantes,

323 2000 373 2041 et
397 1992 519 2041 licet
543 1993 597 2039 in
625 1993 783 2041 triviis
810 1994 875 2043 ad
900 1995 1036 2043 latus
1064 2009 1179 2043 esse
1202 2009 1345 2053 suae,

248 2094 345 2129 nec
371 2081 522 2129 timor
547 2089 638 2129 aut
662 2082 772 2130 ulla
797 2090 873 2131 est
899 2083 1108 2132 clausae
1136 2084 1298 2133 tutela
1323 2083 1545 2146 puellae,

319 2184 414 2219 nee
440 2170 608 2233 gravis
635 2171 826 2220 austeri
852 2185 1024 2234 poena
1050 2172 1278 2221 cavenda
1302 2172 1412 2220 viri.

144 2264 204 2304 25
248 2257 396 2306 nullo
425 2259 707 2321 praemisso
735 2259 798 2307 de
822 2260 974 2307 rebus
1003 2266 1113 2307 tute
1141 2260 1372 2323 loquaris

317 2346 430 2408 ipse
456 2346 587 2394 tuis:
633 2347 823 2408 longae
849 2347 996 2394 nulla
1022 2348 1232 2411 repulsa
1257 2362 1448 2397 morae.

245 2446 341 2480 nec
365 2433 552 2494 Tyriae
579 2440 740 2481 vestes
769 2434 994 2482 errantia
1019 2435 1218 2483 lumina
1243 2436 1447 2495 fallunt,

318 2528 395 2570 est
420 2534 589 2583 neque
615 2522 860 2570 odoratae
886 2536 1010 2570 cura
1033 2523 1253 2572 molesta
1283 2538 1481 2573 comae.

246 2615 299 2654 at
323 2615 501 2656 nostra
524 2608 723 2671 ingenti
752 2608 889 2656 vadit
915 2609 1229 2659 circumdata
1253 2612 1423 2671 turba,
