1942 3000
262 167 330 216 18
880 171 1134 210 cA'ruLm

258 326 313 373 in
341 341 444 389 quo
470 327 551 375 vel
579 326 868 376 Salisubsili
894 343 1042 377 sacra
1068 329 1441 391 suscipiantur:

258 429 444 463 munus
471 416 571 464 hoc
597 416 720 464 mihi
746 417 955 465 maximi
985 417 1066 477 da,
1100 416 1337 477 Colonia,
1371 418 1520 467 risus,

261 504 517 566 quendam
541 506 855 568 municipem
879 521 1048 554 meum
1076 507 1139 555 de
1165 513 1254 554 tuo
1283 508 1402 555 volo
1430 516 1589 571 ponte

256 592 333 641 ire
358 593 690 656 praecipitem
714 594 768 641 in
795 594 960 642 lutum
986 609 1076 657 per
1103 602 1361 658 caputque
1387 596 1667 659 pedesque,

156 689 217 729 10
259 695 432 730 verum
455 682 611 729 totius
639 690 695 730 ut
719 683 862 730 lacus
898 683 1208 746 putidaeque
1232 684 1436 748 paludis

259 770 557 819 lividissima
580 771 904 834 maximeque
931 779 1008 820 est
1032 773 1289 836 profunda
1313 788 1525 836 vorago,

258 858 628 907 insulsissimus
656 866 732 907 est
756 860 930 921 hom0,
964 874 1061 909 nec
1086 862 1223 924 sapit
1248 862 1393 924 pueri
1417 862 1580 911 instar

261 948 439 997 bimuli
464 949 684 996 tremula
708 949 865 1012 patris
895 950 1195 998 dormientis
1223 951 1275 998 in
1305 952 1443 1000 ulna.

261 1036 383 1099 quoi
413 1051 528 1084 cum
555 1036 621 1084 sit
645 1029 950 1085 viridissimo
979 1045 1140 1100 nupta
1166 1039 1293 1086 flore
1318 1040 1493 1101 puella

163 1133 221 1174 15
262 1125 339 1189 (et
363 1125 537 1188 puella
563 1126 809 1174 tenellulo
837 1126 1105 1174 delicatior
1129 1127 1311 1186 haedo,

262 1214 579 1263 adservanda
603 1215 890 1278 nigerrimis
916 1215 1217 1278 diligentius
1246 1214 1399 1277 uvis),

262 1303 438 1351 ludere
463 1303 596 1352 hanc
625 1304 746 1352 sinit
770 1311 828 1351 ut
851 1305 1010 1364 lubet,
1043 1319 1139 1353 nec
1165 1305 1257 1368 pili
1283 1305 1407 1353 facit
1430 1303 1537 1364 uni,

262 1405 359 1439 nec
384 1405 439 1439 se
467 1392 700 1440 sublevat
726 1406 790 1440 ex
817 1407 911 1441 sua
936 1401 1099 1456 parte,
1133 1393 1220 1441 sed
1248 1393 1391 1441 velut
1414 1393 1565 1440 alnus

261 1479 317 1528 in
343 1479 486 1529 fossa
509 1479 688 1543 Liguri
712 1480 849 1529 iacet
874 1489 1186 1544 suppernata
1212 1481 1395 1542 securi,

159 1576 220 1616 20
262 1569 563 1616 tantundem
587 1568 761 1616 omnia
786 1570 1015 1618 sentiens
1042 1584 1197 1631 quam
1212 1570 1254 1617 si
1276 1570 1421 1618 nulla
1435 1570 1499 1617 sit
1512 1584 1748 1632 usquam,

260 1656 378 1704 talis
403 1656 497 1704 iste
522 1670 668 1704 meus
696 1664 876 1720 stupor
901 1658 974 1705 nil
1001 1658 1151 1717 videt,
1187 1658 1313 1705 nihil
1339 1658 1496 1717 audit,

260 1745 372 1807 ipse
398 1745 486 1808 qui
513 1745 594 1805 sit,
626 1753 797 1794 utrum
826 1747 891 1794 sit
915 1761 983 1794 an
1009 1761 1117 1795 non
1142 1746 1222 1805 sit,
1255 1745 1306 1793 id
1333 1760 1541 1809 quoque
1568 1746 1750 1795 nescit.

260 1848 398 1882 nunc
426 1848 542 1881 eum
568 1834 689 1881 volo
717 1834 780 1882 de
805 1843 894 1882 tuo
921 1841 1083 1897 ponte
1107 1834 1309 1883 mittere
1334 1850 1571 1898 pronum,

262 1921 305 1969 si
331 1929 451 1985 pote
475 1921 720 1969 stolidum
744 1930 956 1984 repente
985 1923 1206 1970 excitare
1232 1930 1498 1971 veternum

157 2017 220 2057 25
263 2017 313 2057 et
338 2010 580 2071 supinum
606 2009 833 2057 animum
859 2009 911 2057 in
939 2010 1081 2071 gravi
1109 2010 1462 2073 derelinquere
1490 2025 1667 2068 caen0,

262 2097 479 2145 ferream
504 2103 560 2143 ut
586 2096 781 2144 soleam
806 2097 970 2145 tenaci
999 2097 1052 2145 in
1080 2098 1326 2160 voragine
1350 2099 1506 2147 mula.

811 2398 1204 2448 XVIII—XXI.

259 2539 455 2600 Aureli,
486 2547 631 2602 pater
657 2541 1038 2600 essuritionum‚

261 2643 367 2676 non
395 2629 577 2677 harum
603 2631 774 2691 mode,
806 2631 897 2679 sed
924 2639 1054 2692 quot
1077 2637 1167 2677 aut
1191 2630 1399 2678 fuerunt
