1942 3000
762 163 956 202 ann.
1541 162 1610 211 59

20 326 71 367 65
106 313 263 369 tertia
288 320 405 368 sola
429 328 519 368 tua
545 328 638 369 est.
716 321 825 369 noli
854 333 1087 385 pugnare
1111 320 1331 381 duobuS,

107 410 195 471 qni
222 423 420 472 genero
446 423 542 456 sua
566 409 679 457 iura
703 410 856 458 simul
884 424 1002 458 cum
1028 410 1158 458 dote·
1173 410 1437 459 dederunt.

104 586 308 648 Hymen
338 601 369 633 ο
396 587 706 648 Hymenaee,
739 587 939 648 Hymen
964 586 1087 635 ades
1115 601 1147 634 ο
1174 587 1484 649 Hymenaee.

700 757 1021 764 ψ*

136 1065 166 1094 υ
213 999 595 1103 ula-lu0d
735 939 1242 1167 Lbolefic-uk-

108 1106 299 1198 Super'
302 1118 408 1166 alta
435 1126 605 1166 vectus
735 1030 948 1167 *teleri
973 1125 1083 1168 rate
1107 1118 1269 1167 maria

108 1202 391 1268 Phrygium
417 1215 473 1254 ut
498 1222 677 1255 nemus
682 1126 861 1256 tcitato
889 1206 1073 1270 cupide
1099 1207 1228 1270 pede
1253 1207 1421 1269 tetigit

108 1294 336 1356 adiitque
361 1309 526 1357 opaca
549 1295 688 1343 silvis
715 1295 950 1344 redimita
976 1296 1094 1344 loca
1118 1296 1263 1354 deae,

107 1383 400 1432 stimulatus
427 1383 500 1431 ibi
526 1383 714 1432 furenti
743 1384 903 1443 rabie,
936 1399 1098 1446 vagus
1125 1384 1327 1443 animizz,

37 1480 64 1519 5
107 1471 330 1521 devolsit
351 1472 418 1521 ile
444 1479 595 1521 acuto
623 1472 717 1522 sibi
744 1472 925 1522 rodere
950 1473 1128 1522 silicis,

105 1561 283 1624 itaque
309 1570 367 1610 ut
392 1562 571 1610 relicta
595 1562 755 1610 sensit
781 1562 878 1610 sibi
906 1563 1136 1611 membra
1159 1562 1271 1610 sine
1296 1562 1422 1620 vim,

106 1649 266 1698 etiam
290 1659 497 1699 recente
522 1659 685 1699 terrae
711 1651 824 1699 sola
849 1651 1103 1713 sanguine
1128 1651 1391 1698 maculans

106 1738 268 1787 niveis
294 1739 452 1787 citata
480 1740 615 1803 cepit
639 1739 875 1787 manibus
903 1740 1014 1787 leve
1039 1746 1303 1802 type-num,

105 1834 358 1890 typanum
383 1835 545 1888 tuum,
578 1827 802 1890 Cybebe,
837 1835 942 1887 tua,
974 1835 1154 1886 mater,
1187 1827 1351 1887 initia,

15 1923 66 1962 ιο
107 1916 454 1978 quatiensque
479 1924 623 1979 terga
645 1916 778 1964 tauri
804 1917 993 1965 teneris
1022 1931 1145 1965 cava
1170 1916 1340 1978 digitis

106 2019 295 2053 canere
319 2006 449 2052 haec
475 2006 581 2053 suis
607 2006 787 2053 adorta
813 2012 888 2052 est
914 2005 1247 2053 tremebunda
1273 2005 1563 2053 comitibus,

104 2093 262 2157 ‘agite
289 2094 360 2141 ite
385 2094 448 2140 ad
473 2094 595 2153 alta,
632 2092 830 2153 Gallae,
864 2093 1080 2155 Cybeles
1107 2107 1319 2141 nemora
1344 2093 1513 2153 simul,

105 2182 258 2230 simul
285 2182 373 2241 ite,
405 2182 761 2243 Dindymenae
788 2174 1028 2231 dominae
1053 2197 1181 2244 vaga
1206 2196 1410 2244 pecora,

105 2270 279 2319 aliena
305 2285 440 2333 quae
466 2278 696 2333 petentes
724 2271 863 2320 velut
888 2272 1065 2320 exules
1096 2272 1213 2319 loca

19 2366 65 2408 15
104 2367 298 2408 sectam
325 2367 766 2417 meamexecutae
791 2360 920 2409 duce
944 2375 1027 2409 me
1052 2360 1175 2408 mihi
1202 2360 1411 2408 comites

104 2448 344 2512 rapidum
371 2448 539 2496 salum
564 2449 749 2497 tulistis
777 2449 1170 2511 truculentaque
1197 2449 1380 2511 pelage

105 2545 154 2586 et
179 2551 370 2599 corpus
399 2536 623 2585 evirastis
649 2537 867 2585 Veneris
893 2538 1053 2586 nimio
1081 2537 1220 2596 odie,

103 2627 325 2675 hilarate
350 2639 468 2673 aere
494 2625 661 2674 citatis
690 2625 944 2674 erroribus
970 2625 1215 2673 animum.

366 2695 461 2714 κ...-
