1942 3000
293 165 399 215 336
879 165 1203 203 PROPERTH

362 337 468 370 una
493 322 670 371 decem
693 322 815 369 vicit
838 323 995 370 missa
1020 322 1206 383 sagitta
1231 329 1381 368 rates,

295 410 432 459 bella
457 410 580 458 satis
610 410 804 457 cecini:
849 408 1098 456 citharam
1122 408 1225 455 iam
1256 407 1426 470 poscit
1449 407 1650 469 Apollo

191 506 253 546 '10
364 497 527 545 victor
551 505 602 545 et
626 497 690 545 ad
717 497 946 560 placidos
973 504 1115 544 exuit
1139 511 1279 544 arma
1307 496 1509 544 choros.

296 585 515 634 candida
540 599 677 633 nunc
702 585 847 633 molli
872 587 1092 633 subeant
1117 584 1346 633 convivia
1370 584 1507 642 luco,

366 672 749 735 blanditiaeque
776 672 937 720 fluant
961 686 1054 734 per
1077 686 1190 719 mea
1217 672 1352 719 colla
1377 685 1543 730 rosae,

292 762 511 823 vinaque
537 761 819 808 fundantur
844 761 1033 823 praelis
1064 760 1190 808 elisa
1211 760 1459 818 Falerni8‚

364 856 542 910 terque
568 849 701 896 lavet
727 857 929 896 nostras
955 849 1101 911 spica
1124 829 1312 896 ‘Cilissa
1337 862 1529 896 comas,

189 945 212 984 Ἰ
226 946 250 985 5
291 937 556 999 ingenium
582 937 718 998 potis
746 936 917 984 inritet
942 952 1091 984 musa
1116 937 1308 999 poetis:

363 1025 586 1083 Bacche,
617 1023 755 1071 soles
780 1023 992 1071 Phoebo
1018 1023 1200 1071 fertilis
1226 1037 1338 1071 esse
1363 1031 1470 1072 tu0.

290 1112 380 1160 ille
405 1112 684 1175 paludosos
711 1120 961 1160 memoret
986 1112 1174 1159 servire
1199 1113 1522 1173 Sycambr08‚

366 1183 624 1262 Cepheam
648 1200 733 1248 hic
756 1200 972 1248 Meroen
997 1201 1248 1263 fuscaque
1273 1215 1433 1263 regna
1459 1209 1629 1260 canat,

296 1288 381 1336 hic
407 1287 596 1336 referat
621 1302 735 1336 sero
764 1289 1058 1337 confessum
1082 1289 1285 1337 foedere
1311 1288 1571 1346 Parthum,

188 1384 252 1424 80
364 1376 568 1424 ‘reddat
594 1377 744 1438 signa
769 1376 943 1424 Remi:
987 1392 1111 1425 mox
1136 1377 1277 1425 dabit
1299 1377 1410 1440 ipse
1433 1391 1543 1425 sua.

292 1464 398 1513 sive
424 1464 619 1527 aliquid
646 1466 894 1529 pharetris
920 1466 1189 1529 Augustus
1216 1474 1391 1530 parcet
1418 1465 1544 1524 eois,

366 1552 565 1601 differat
587 1553 641 1600 in
669 1567 857 1616 pueros
882 1554 980 1601 ista
1006 1561 1218 1617 tropaea
1243 1568 1382 1603 suos,

293 1642 477 1704 gaude,
512 1640 713 1701 Crasse,
744 1641 918 1703 nigras
945 1642 1115 1704 siquid
1142 1643 1280 1705 sapis
1305 1643 1438 1690 inter
1462 1656 1678 1692 arenas:

365 1730 439 1777 ire
465 1742 555 1792 per
579 1728 876 1792 Euphraten
904 1730 966 1777 ad
996 1738 1083 1777 tua
1109 1731 1257 1778 busta
1284 1730 1441 1778 licet.'

189 1826 251 1865 85
294 1816 369 1864 sic
394 1823 602 1864 noctem
626 1822 820 1878 patera,
854 1817 927 1865 sic
957 1818 1140 1865 ducam
1166 1818 1407 1875 carmine,
1445 1817 1611 1866 donec

318 1960 325 1966 ,
363 1903 540 1951 iniciat
566 1903 736 1951 radios
761 1904 817 1950 in
841 1919 957 1952 mea
983 1905 1101 1953 vina
1127 1906 1249 1955 dies.

884 2090 1199 2098 ——„.—-

977 2274 1093 2322 Vn.

293 2429 425 2479 Sunt
450 2430 644 2493 aliquid
668 2444 876 2478 manes:
920 2433 1078 2479 letum
1105 2446 1212 2481 non
1239 2434 1413 2495 omnia
1439 2435 1569 2493 fi'nit,

363 2518 634 2585 luridaque
658 2518 847 2566 evictos
876 2518 1057 2581 effugit
1084 2522 1262 2570 umbra
1288 2535 1461 2583 rogos,
1513 2522 1517 2526 ’

290 2603 510 2664 Cynthia
535 2619 758 2666 namque
784 2619 898 2653 meo
924 2606 1029 2654 visa
1055 2616 1131 2655 cst
1154 2608 1450 2658 incumbere
1475 2609 1666 2671 fulcr0,
