1942 3000
265 135 372 186 264
857 138 1179 177 PROPERTII

264 309 361 343 nec
389 303 444 342 tu
472 295 787 358 supplicibus
813 309 895 343 me
921 295 990 343 sis
1017 302 1257 342 venerata
1283 294 1515 343 tabellis:

338 383 517 430 ultima
541 383 657 431 talis
687 384 781 431 erit
806 398 939 446 quae
964 398 1078 433 mea
1105 383 1270 445 prima
1295 384 1436 431 fides·

161 479 224 520 35
266 472 364 519 hoc
389 471 513 518 mihi
539 479 786 534 perpetuo
813 471 894 519 ius
922 479 1014 532 est,
1047 470 1187 533 quod
1212 471 1354 519 solus
1386 477 1584 518 amator

336 572 431 607 nec
460 559 561 607 cito
591 559 779 608 desisto
808 574 904 607 nec
929 567 1119 607 temere
1143 558 1354 621 incipio.

934 929 1080 976 XXI.

259 1086 345 1133 Ah
372 1097 620 1148 quantum
646 1088 709 1134 de
734 1101 814 1135 me
838 1086 1022 1134 Panthi
1050 1087 1141 1134 tibi
1167 1087 1359 1150 pagina
1384 1088 1548 1146 finxit,

332 1182 530 1223 tantum
553 1175 632 1222 illi
658 1174 857 1222 Pantho
884 1188 950 1222 ne
976 1174 1043 1222 sit
1066 1174 1231 1222 amica
1256 1175 1433 1222 Venus
1453 1177 1464 1222 ἕ

263 1264 350 1312 sed
379 1264 469 1312 tibi
494 1264 597 1311 iam
620 1263 795 1312 videor
818 1263 1044 1311 Dodona
1069 1264 1235 1311 verior
1259 1262 1458 1325 augur?

334 1365 546 1399 uxorem
573 1351 660 1399 ille
686 1359 804 1399 tuus
832 1351 1046 1417 pulcher
1069 1358 1270 1398 amator
1293 1351 1463 1399 habet.

193 1448 219 1488 5
261 1447 338 1487 tot
361 1446 539 1487 noctes
567 1439 779 1503 periere.
858 1439 986 1486 nihil
1012 1439 1204 1502 pudet?
1242 1438 1468 1500 adspice,
1502 1444 1678 1485 cantat

332 1530 490 1577 liber:
534 1536 589 1576 tu
613 1526 828 1576 nimium
855 1515 1063 1576 credula
1089 1529 1202 1576 sola
1225 1528 1380 1577 iaces,

262 1625 311 1666 et
334 1633 472 1666 nunc
496 1618 629 1665 inter
656 1631 745 1665 eos
772 1624 827 1663 tu
853 1631 1018 1664 sermo
1047 1631 1130 1664 es:
1176 1624 1225 1664 te
1253 1616 1615 1678 ille‚superbus

333 1707 458 1754 dicit
480 1721 536 1754 se
560 1706 719 1754 invito
745 1701 899 1767 saepe
924 1705 1085 1753 fuisse
1112 1704 1266 1752 domi.

261 1795 563 1857 dispeream,
596 1794 638 1841 si
668 1794 944 1855 quicquam
968 1793 1110 1840 aliud
1138 1807 1293 1854 quam
1319 1792 1484 1854 gloria
1509 1793 1572 1841 de
1596 1801 1648 1841 te

160 1891 217 1931 10
332 1883 622 1945 quaeritur:
666 1882 757 1929 has
784 1882 962 1928 laudes
986 1881 1077 1928 ille
1103 1881 1313 1928 ma'ritus
1339 1880 1511 1932 habet.

259 1969 508 2019 Colchida
532 1969 606 2017 sic
632 1970 821 2031 hospes
848 1969 1110 2031 quondam
1136 1970 1336 2033 decepit
1360 1971 1546 2020 Iason:

331 2058 491 2107 eiecta
517 2064 608 2117 est,
642 2057 806 2106 tenuit
829 2072 1053 2120 namque
1078 2057 1272 2106 Creusa
1299 2060 1525 2107 domum.

258 2146 331 2195 sic
356 2161 388 2193 a
413 2144 657 2193 Dulichio
684 2145 867 2192 iuvene
896 2152 973 2192 est
999 2146 1144 2194 elusa
1171 2144 1429 2210 Calypso:

325 2234 451 2281 vidit
476 2242 756 2281 amatorem
781 2234 1007 2297 pandere
1032 2235 1144 2283 vela
1169 2251 1335 2285 suum.

155 2330 214 2372 15
256 2323 321 2370 ah
349 2323 563 2370 nimium
587 2322 766 2370 faciles
793 2336 967 2371 aurem
996 2318 1239 2386 praebere
1264 2325 1483 2387 puellae,

330 2412 510 2460 discite
537 2412 766 2459 desert-ae
792 2425 896 2459 non
923 2424 1111 2461 temere
1139 2427 1249 2461 esse
1276 2413 1458 2460 bonae.

255 2499 376 2547 hinc
403 2513 612 2562 quoque
639 2499 727 2560 qui
751 2499 942 2548 restat?
967 2500 1070 2547 iam
1096 2500 1291 2563 pridem
1318 2500 1577 2561 quaeritur
1598 2501 1744 2551 alter.

329 2595 540 2649 experta
564 2586 618 2635 in
646 2586 828 2649 prim0‚
863 2588 1036 2647 stulta,
1071 2602 1247 2636 cavere
1271 2594 1436 2649 potes,
