1942 3000
802 189 981 228 menn
1010 190 1078 229 11.
1585 186 1691 238 23⁸

191 345 450 395 Mercurio
477 346 594 395 talis
622 346 785 396 fertur
807 346 1096 395 Boebeidos
1124 347 1272 395 undis

264 435 550 497 virgineum
575 435 755 483 Brimo
783 434 1122 498 conposuisse
1148 435 1303 485 latus.

194 524 358 572 cedite
381 522 502 584 iam,
534 524 696 584 divae,
731 538 857 586 quas
883 532 1064 587 pastor
1086 525 1283 572 viderat
1309 524 1433 573 olim

262 611 429 660 Idaeis
454 612 654 661 tunicas
682 626 875 675 ponere
900 613 1192 661 verticibus,

91 706 152 748 15
191 697 327 747 hanc
351 699 550 747 utinam
575 699 762 748 faciem
788 700 920 748 nolit
944 709 1142 748 mutare
1167 708 1424 761 senectuS,

264 787 362 836 etsi
389 785 649 837 Cumaeae
673 788 882 837 saecula
906 789 1037 836 vatis
1064 796 1199 851 aget.

885 1231 980 1280 ΠΙ.

11 1391 14 1531 Ι
187 1404 292 1465 Qui
317 1406 516 1454 nullam
538 1406 631 1455 tibi
661 1406 863 1455 dicebas
889 1407 996 1455 iam
1020 1421 1173 1470 posse
1198 1422 1404 1468 nocere,

260 1494 499 1544 haesisti:
543 1494 727 1544 cecidit
752 1494 959 1558 spiritus
988 1495 1077 1544 ille
1105 1503 1240 1544 tuus,

187 1584 277 1632 vix
301 1599 462 1632 unum
486 1590 652 1647 potes,
683 1583 885 1642 infelix,
918 1584 1241 1646 requiescere
1266 1597 1514 1644 mensem,

12 1576 20 1749 ὶ
261 1680 312 1721 et
337 1673 503 1736 turpis
530 1672 591 1720 de
615 1680 665 1721 te
689 1672 792 1720 iam
818 1673 948 1722 liber
973 1673 1104 1720 alter
1128 1673 1242 1721 erit.

119 1771 147 1811 5
191 1761 520 1824 quaerebam,
554 1761 693 1809 sicca
720 1761 764 1809 si
790 1768 967 1825 posset
993 1761 1148 1823 piscis
1175 1775 1332 1809 arena

259 1864 356 1899 nec
382 1850 564 1898 solitus
593 1857 757 1912 ponto
782 1849 950 1898 vivere
976 1856 1148 1897 torvus
1174 1863 1316 1912 aper,

190 1945 281 1987 aut
307 1952 404 2001 ego
429 1939 474 1986 si
499 1953 706 2003 possem
731 1939 913 1986 studiis
939 1938 1154 2001 vigilare
1179 1938 1396 1987 severis:

262 2027 509 2088 differtur,
539 2043 821 2091 numquam
845 2028 1046 2076 tollitur
1069 2028 1208 2076 ullus
1235 2042 1396 2076 amor.

189 2128 288 2164 nec
315 2129 397 2163 me
421 2122 528 2163 tam
551 2114 729 2175 facie8‚
762 2115 991 2178 quamvis
1018 2115 1086 2163 sit
1112 2115 1350 2175 candida,
1383 2115 1519 2178 cepit

85 2210 148 2252 10
262 2202 397 2267 (lilia
422 2218 529 2252 non
555 2203 766 2251 domina
790 2203 896 2252 sint
920 2204 1084 2266 magis
1110 2204 1230 2252 alba
1253 2218 1397 2264 mea3

188 2298 248 2341 ut
270 2292 532 2341 Maeotica
552 2293 645 2340 nix
668 2291 831 2339 minio
858 2292 901 2339 si
928 2299 1087 2340 certet
1111 2293 1326 2353 Hibero,

258 2388 420 2444 utque
444 2395 594 2430 rosae
620 2395 750 2443 puro
776 2381 910 2428 lacte
935 2386 1117 2429 natant
1140 2379 1311 2443 folia),

187 2482 286 2518 nec
313 2469 377 2517 de
401 2482 544 2517 more
571 2482 751 2516 comae
778 2481 869 2529 per
894 2467 1030 2515 levia
1057 2467 1194 2515 colla
1218 2468 1452 2525 fluentes,

258 2571 369 2607 non
395 2556 551 2617 oculi,
585 2557 839 2619 geminae,
873 2556 1044 2604 sidera
1068 2563 1264 2615 nostra,
1299 2555 1457 2613 faces,

80 2653 147 2697 15
186 2660 286 2696 nec
311 2646 462 2709 siqua
485 2646 683 2694 Arabio
709 2646 848 2694 lucet
872 2646 1122 2707 bombyce
1147 2645 1324 2707 puella
