1942 3000
304 134 413 184 322
892 136 1219 176 PROPERTH

203 301 265 343 20
377 294 662 356 inprobus?
686 296 713 353 †
739 293 964 351 exclusis
992 293 1048 341 fit
1072 305 1243 341 comes
1269 293 1383 354 ipsa
1407 292 1604 341 Venus,

305 382 444 444 quod
470 382 513 429 si
542 389 680 430 certa
703 395 845 429 meos
871 390 1210 443 sequerentur
1232 379 1415 428 funera
1447 394 1616 440 casuS,

374 469 491 518 talis
518 484 656 517 mors
684 470 850 532 pretio
876 469 955 517 vel
984 469 1052 516 sit
1078 449 1294 516 emenda
1317 468 1460 518 mihi.

303 557 498 605 adferet
522 558 650 606 haec
675 565 941 619 unguenta
963 556 1088 604 mihi
1116 556 1366 619 sertisque
1397 557 1698 620 sepulcrum

374 644 579 693 ornabit
603 653 775 693 custos
802 645 866 693 ad
892 659 1007 693 mea
1032 646 1182 693 busta
1207 644 1408 693 sedens.

198 740 261 781 25
303 732 354 780 di
378 732 589 793 faciant,
619 747 735 781 mea
759 747 826 781 ne
852 741 989 781 terra
1012 735 1149 782 locet
1173 747 1290 781 ossa
1315 732 1590 795 frequenti,

372 837 477 884 qua
502 821 626 869 facit
650 821 864 870 adsiduo
891 822 1094 870 tramite
1119 822 1304 884 vulgus
1330 821 1441 869 iter.

300 917 421 972 post
443 918 660 958 mortem
683 910 865 958 tumuli
891 910 964 957 sic
990 909 1308 958 infamantur
1331 917 1596 957 amantum

372 1012 453 1046 me
479 1005 619 1060 tegat
643 999 862 1046 arborea
885 998 1033 1046 devia
1057 1005 1193 1046 terra
1219 1012 1383 1056 coma,

301 1093 390 1133 ant
413 1086 592 1133 humer
615 1086 826 1148 ignotae
851 1087 1071 1135 cumulis
1096 1086 1312 1134 vallatus
1339 1086 1580 1134 harenae.

197 1178 258 1221 3ο
367 1186 476 1221 non
499 1173 639 1221 iuvat
662 1174 717 1221 in
742 1174 912 1222 media
937 1189 1127 1223 nomen
1152 1174 1340 1223 habere
1363 1173 1460 1222 via.

959 1544 1128 1592 XVII.

297 1700 465 1760 Nunc,
497 1715 534 1748 ο
553 1701 775 1760 Bacche,
806 1703 906 1751 tuis
931 1703 1150 1751 humiles
1175 1703 1492 1750 advolvimur
1516 1702 1617 1751 aris
1634 1721 1648 1750 z

371 1788 436 1836 da
460 1788 582 1835 mihi
609 1797 792 1851 pacato
820 1790 932 1838 vela
956 1791 1199 1851 secunda,
1230 1798 1392 1853 pater.

297 1883 354 1924 tu
378 1883 526 1939 potes
553 1876 767 1924 insanae
792 1876 1007 1926 Veneris
1035 1894 1344 1942 conpescere
1370 1880 1549 1938 fastus,

371 1977 711 2026 curarumque
736 1971 826 2012 tuo
853 1965 912 2012 fit
933 1966 1191 2015 medicina
1215 1982 1374 2016 mero,

232 2060 257 2100 5
298 2065 391 2114 per
415 2059 467 2099 te
491 2052 795 2114 iunguntur,
825 2068 916 2116 per
940 2062 991 2102 te
1016 2055 1286 2103 solvuntur
1309 2063 1565 2104 amantes:

368 2146 424 2187 tu
449 2139 626 2188 vitium
652 2154 717 2188 ex
740 2141 914 2189 animo
941 2142 1097 2201 dilue,
1125 2144 1347 2203 Bacche,
1378 2158 1512 2192 meo.

298 2234 348 2275 te
373 2241 581 2289 quoque
607 2228 745 2277 enim
772 2244 880 2277 non
908 2244 1020 2278 esse
1044 2230 1221 2278 rudem
1246 2238 1461 2280 testatur
1484 2232 1540 2280 in
1565 2234 1720 2282 astris

367 2314 602 2374 lyncibus
628 2316 693 2362 ad
720 2318 920 2364 caelum
945 2325 1088 2365 vecta
1110 2318 1345 2367 Ariadna
1369 2320 1488 2368 tuis.

296 2400 395 2447 hoc
420 2401 562 2459 mihi,
595 2401 732 2463 quod
758 2410 949 2451 veteres
979 2406 1202 2453 custodit
1226 2407 1280 2454 in
1309 2407 1508 2456 ossibus
1534 2407 1706 2471 igneS‚

198 2492 253 2530 ιο
366 2486 550 2534 funera
575 2490 833 2537 sanabunt
855 2498 946 2538 aut
970 2498 1058 2538 tua
1084 2492 1203 2539 vina
1225 2495 1433 2542 malum.

295 2585 496 2635 semper
520 2575 657 2622 enim
683 2590 871 2624 vacuos
898 2592 1006 2624 nox
1029 2579 1206 2627 sobria
1231 2587 1438 2644 torquet
1462 2592 1724 2646 amantes,
