1942 3000
83 445 140 485 15

77 888 139 928 20

80 1329 140 1370 25

81 1772 140 1813 30

79 2214 138 2255 35

75 2661 137 2702 40

806 193 982 229 LIBER
1014 193 1055 230 1.
1579 189 1680 237 133

258 363 410 411 quem
435 348 560 396 facit
582 350 816 412 inpresso
843 357 1020 397 mutua
1047 350 1197 397 dente
1222 350 1416 397 Venus.

183 445 238 485 at
264 445 337 496 tu,
371 438 570 485 fallacis
600 438 828 508 coniunx
852 438 1057 486 incaute
1083 439 1303 501 puellae,

256 539 339 573 me
365 526 571 589 quo'que
595 534 813 584 servate,
847 535 1027 589 peccet
1052 535 1109 574 ut
1132 527 1224 574 illa
1250 527 1394 574 nihil.

183 628 288 663 neu
312 615 519 663 iuvenes
548 615 772 663 celebret
794 616 956 663 multo
983 629 1237 675 sermone,
1272 623 1468 674 caveto,

256 718 382 752 neve
407 705 559 753 cubet
583 705 703 752 laxo
732 712 907 767 pectus
936 713 1114 768 aperta
1138 704 1274 763 sinu,

183 807 288 840 neu
315 799 364 840 te
391 793 610 855 decipiat
636 801 781 852 nutu,
815 793 1081 855 digitoque
1106 793 1361 855 liquorem

257 894 322 927 ne
348 881 518 927 trahat
543 888 592 928 et
615 895 822 928 mensae
847 881 1001 928 ducat
1025 881 1079 927 in
1106 881 1231 928 orbe
1258 888 1425 929 notae.

184 968 343 1016 exibit
369 984 523 1030 quam
549 983 719 1031 saepe,
752 969 889 1029 time,
923 983 1014 1017 seu
1039 970 1202 1017 visere
1228 970 1363 1018 dicet

255 1071 401 1105 sacra
428 1058 595 1105 bonae
621 1057 845 1105 maribus
873 1072 981 1105 non
1008 1058 1242 1106 adeunda
1268 1058 1410 1106 deae.

184 1153 238 1193 at
264 1146 387 1193 mihi
416 1146 460 1193 si
486 1147 679 1206 credas,
712 1147 855 1194 illam
880 1161 1068 1208 sequar
1092 1162 1224 1195 unus
1250 1147 1314 1194 ad
1341 1161 1483 1194 aras:

257 1241 364 1281 tum
389 1233 513 1281 mihi
540 1249 646 1282 non
673 1235 834 1283 oculis
862 1234 928 1281 sit
952 1234 1183 1283 timuisse
1208 1235 1351 1282 meiS.

185 1336 356 1384 saepe,
390 1322 528 1370 velut
554 1336 779 1384 gemmas
809 1323 916 1370 cius
945 1323 1249 1385 signumque
1274 1323 1565 1385 probarem,

257 1425 347 1473 per
373 1425 582 1458 causam
608 1412 816 1459 memini
842 1426 923 1459 me
950 1413 1174 1474 tetigisse
1199 1426 1436 1459 manum:

184 1514 338 1562 saepe
365 1513 505 1548 mero
535 1515 773 1548 somnum
799 1500 973 1564 peperi
1001 1500 1111 1559 tibi,
1144 1509 1198 1548 at
1219 1500 1333 1563 ipse
1358 1499 1596 1548 bibebam

257 1587 429 1635 sobria
455 1588 722 1650 supposita
745 1589 935 1650 pocula
959 1588 1123 1635 victor
1148 1603 1299 1649 aqua.

183 1689 290 1722 non
319 1689 414 1737 ego
442 1683 491 1723 te
516 1675 642 1723 laesi
670 1676 921 1737 prudens:
964 1675 1175 1737 ignosce
1203 1675 1401 1723 fatenti.

254 1764 403 1811 iussit
428 1766 614 1812 Amor:
660 1773 840 1812 contra
866 1766 981 1827 quis
1008 1765 1140 1812 ferat
1164 1779 1306 1811 arma
1331 1764 1489 1812 deos?

182 1853 270 1901 ille
296 1868 392 1915 ego
421 1869 552 1912 sum,
587 1867 684 1901 nec
709 1867 790 1901 me
813 1854 917 1901 iam
942 1854 1113 1902 dicere
1137 1868 1254 1905 vera
1280 1854 1506 1916 pudebit,

256 1942 482 1989 instabat
506 1950 614 1990 tota
641 1943 723 1990 cui
749 1950 835 1990 tua
862 1950 1015 1991 nocte
1041 1942 1198 1990 canis.

183 2030 305 2092 quid
330 2037 507 2078 tenera
531 2030 622 2078 tibi
652 2031 875 2092 coniuge
901 2030 1068 2092 opus?
1105 2038 1193 2078 tua
1220 2030 1264 2077 si
1291 2031 1428 2078 bona
1453 2029 1619 2078 nescis

254 2132 471 2176 servare,
504 2118 692 2167 frustra
719 2118 874 2166 clavis
897 2118 1033 2166 inest
1058 2118 1272 2166 foribus.

180 2215 229 2255 te
259 2215 414 2267 tenet,
447 2208 684 2255 absentes
711 2207 840 2254 alios
868 2207 1092 2268 suspirat
1116 2221 1316 2254 amores

253 2304 303 2343 et
327 2295 534 2343 simulat
559 2295 731 2344 subito
759 2295 1088 2343 condoluisse
1116 2303 1286 2358 caput.

179 2393 232 2433 at
255 2385 378 2432 mihi
405 2385 705 2432 servandam
731 2384 935 2432 credas:
982 2399 1087 2432 non
1114 2398 1266 2432 saeva
1290 2399 1474 2432 recuso

251 2475 478 2534 verbera,
512 2475 739 2522 detrecto
766 2488 873 2521 non
900 2487 998 2536 ego
1024 2474 1196 2522 vincla
1220 2474 1423 2536 pedum.

177 2572 284 2611 tum
310 2564 492 2626 procul
521 2563 715 2622 absitis,
746 2562 982 2625 quisquis
1011 2563 1135 2610 colit
1160 2570 1267 2611 arte
1294 2562 1511 2625 capillos

252 2659 303 2700 et
328 2650 438 2699 fluit
464 2651 624 2699 effuso
652 2650 733 2699 cui
761 2658 885 2712 toga
909 2651 1030 2698 laxa
1056 2651 1200 2699 sinu:
