1942 3000
280 143 404 199 '298
885 146 1204 189 Pnopnn‘rn

294 308 490 372 praeda
512 307 579 356 sit
601 308 729 355 haec
754 308 859 356 illis
887 322 1105 370 quorum
1131 302 1362 356 meruere
1385 307 1588 356 labores
1608 323 1620 353 :

363 411 449 445 me
472 404 552 445 sat
576 396 671 444 erit
695 409 843 445 sacra
867 396 1112 459 plaudere
1138 410 1293 459 posse
1317 396 1416 445 via.

883 599 1203 606 ———

970 799 1072 885 ‘v.

294 1016 443 1064 Pacis
469 1015 633 1063 Amor
655 1015 781 1063 deus
810 1022 901 1073 est,
934 1028 1117 1077 pacem
1139 1027 1442 1062 veneramur
1463 1022 1726 1061 amantes:

287 1118 295 1143 1
365 1111 445 1152 sat
468 1101 593 1151 mihi
619 1117 736 1150 cum
761 1101 1195 1165 domina'proelia
1218 1102 1346 1149 dura
1369 1097 1499 1149 mea.

293 1206 388 1240 nec
414 1198 613 1239 tantum
634 1190 802 1239 inviso
828 1198 1009 1254 pectus
1035 1191 1160 1238 mihi
1187 1190 1411 1254 carpitur
1434 1203 1580 1248 auro,

363 1295 460 1328 nec
486 1280 626 1328 bibat
654 1293 681 1327 e
711 1294 913 1342 gemma
938 1280 1092 1328 divite
1117 1287 1291 1327 nostra
1315 1278 1444 1337 sirie,

223 1380 252 1419 5
293 1383 389 1417 neo
414 1368 538 1416 mihi
563 1370 703 1417 mille
730 1369 863 1431 iugis
891 1367 1178 1431 Campania
1203 1367 1410 1429 pinguis
1437 1373 1626 1426 aretur,

363 1471 460 1506 nec
488 1458 643 1507 miser
668 1472 787 1506 aera
813 1472 939 1522 paro
968 1457 1131 1517 clade,
1166 1456 1430 1516 Corintho,
1460 1462 1568 1503 tua.

293 1563 324 1596 o
351 1547 515 1611 prima
538 1546 723 1596 infelix
749 1546 960 1609 fingenti
988 1553 1124 1593 terra
1148 1545 1486 1594 Prometheo!

362 1636 452 1684 ille
478 1651 659 1699 parum
687 1635 822 1683 cauti
849 1634 1071 1698 pectoris
1099 1634 1203 1697 egit
1230 1649 1389 1697 opus:

293 1739 513 1787 corpora
539 1725 817 1786 disponens
843 1728 1068 1770 mentem
1092 1736 1198 1770 non
1222 1722 1346 1772 vidit
1369 1722 1423 1768 in
1449 1729 1576 1770 arte,

191 1820 250 1861 ιο
362 1820 504 1861 recta
528 1811 685 1859 animi
711 1810 933 1873 primum
960 1810 1138 1857 debuit
1162 1822 1274 1857 esse
1299 1808 1396 1857 via.

290 1915 430 1950 nunc
455 1899 609 1947 maris
635 1898 689 1945 in
717 1904 918 1945 tantum
944 1905 1097 1945 vento
1123 1897 1389 1957 iactamur,
1423 1905 1474 1946 et
1496 1899 1699 1948 hostem

365 1987 678 2049 quaerimus,
710 1992 865 2048 atque
890 1985 1044 2034 armis
1070 1987 1323 2035 nect-imus
1350 2002 1492 2035 arma
1523 2001 1676 2036 nova.

288 2075 424 2124 haud
451 2075 584 2123 ullas
611 2074 838 2138 portabis
868 2090 993 2138 opes
1020 2076 1330 2125 Acherontis
1357 2076 1422 2124 ad
1448 2075 1638 2123 undas:

360 2163 526 2211 nudus
553 2163 617 2210 ad
641 2163 889 2225 infernas,
921 2165 1094 2225 stulte,
1126 2165 1308 2214 vehere
1332 2171 1483 2212 rateS.

188 2260 208 2300 1
223 2263 247 2302 5
287 2252 451 2301 victor
477 2267 594 2301 cum
616 2252 763 2300 victis
790 2253 982 2314 pariter
1005 2254 1303 2302 miscebitur
1328 2250 1544 2298 umbris:

361 2342 574 2389 consule
601 2355 716 2389 cum
741 2338 927 2400 Mari0‚
962 2349 1112 2404 capte
1135 2340 1398 2403 Iugurtha,
1432 2337 1598 2387 sedes.

286 2428 461 2490 Lydus
487 2429 731 2477 Dulichio
758 2444 865 2477 non
893 2430 1047 2477 distat
1073 2428 1293 2477 Croesus
1320 2429 1385 2476 ab
1412 2427 1517 2475 Ir0.

320 2552 326 2559 .
360 2517 556 2580 optima
579 2532 735 2577 more,
769 2531 954 2580 parcae
981 2530 1114 2578 quae
1138 2517 1280 2565 venit
1304 2523 1420 2566 acta
1443 2516 1543 2565 die.

284 2620 367 2654 me
393 2606 534 2654 iuvat
556 2606 611 2653 in
637 2607 800 2669 prima
825 2604 1051 2654 coluisse
1075 2604 1334 2655 Helicona
1356 2608 1581 2668 iuventa,
