1942 3000
308 159 379 208 80
925 161 1182 201 carnum

239 329 267 366 5
310 326 366 365 ut
389 318 615 366 Triviam
638 318 816 366 furtim
842 320 937 367 sub
964 319 1168 366 Latmia
1190 333 1319 367 saxa
1342 320 1578 382 relegans

381 408 547 456 dulcis
576 422 719 455 amor
742 422 868 470 gyro
895 408 1107 456 devocet
1130 407 1290 466 aeri0,

312 496 449 543 idem
475 510 557 543 me
583 496 671 544 ille
698 495 884 545 Conon
911 497 1118 545 caelesti
1144 496 1199 543 in
1226 496 1421 544 lumine
1445 495 1568 543 vidit

381 598 409 633 e
433 584 718 632 Bereniceo
745 585 930 632 vertice
955 584 1235 633 caesariem

309 672 592 736 fulgentem
616 674 771 732 clare,
806 688 963 736 quam
987 673 1188 722 cunctis
1213 673 1305 721 illa
1330 674 1541 721 deorum

209 771 269 811 10
380 762 512 810 levia
537 762 848 824 protendens
877 763 1115 810 bracchia
1139 762 1436 825 pollicitust,

310 866 413 914 qua
438 864 529 898 rex
553 858 856 914 tempestate
881 865 1016 898 novo
1043 858 1222 899 auctus
1247 850 1530 913 hymenaeo

380 947 631 987 vastatum
657 939 773 987 finis
800 940 959 986 iverat
983 939 1243 1000 Assyrios,

312 1027 482 1076 dulcia
506 1035 791 1075 nocturnae
815 1034 1028 1088 portans
1055 1027 1270 1088 vestigia
1294 1027 1437 1075 rixae

382 1131 535 1178 quam
562 1116 624 1164 de
649 1113 890 1177 virgineis
917 1123 1147 1177 gesserat
1172 1115 1385 1164 exuviis.

209 1212 269 1254 15
311 1211 452 1252 estne
478 1203 622 1252 novis
649 1203 822 1266 nuptis
850 1203 968 1251 odio
996 1202 1210 1251 Venus?
1246 1218 1383 1252 anne
1407 1212 1677 1267 parentum

190 1270 196 1275 .
380 1292 690 1340 frustrantur
713 1291 859 1339 falsis
887 1292 1076 1355 gaudia
1100 1292 1398 1353 lacrimulis,

310 1380 528 1429 ubertim
553 1380 764 1429 thalami
791 1396 918 1443 quas
944 1381 1081 1430 intra
1105 1380 1286 1429 limina
1308 1381 1569 1430 fundunt?

382 1484 506 1529 non,
538 1469 610 1518 ita
634 1483 715 1518 me
743 1469 862 1530 divi,
893 1484 1014 1519 vera
1040 1477 1268 1533 gemunt,
1300 1470 1506 1519 inerint.

308 1558 359 1606 id
386 1572 499 1607 mea
522 1572 604 1606 me
628 1559 801 1607 multis
829 1559 1008 1608 docuit
1031 1560 1210 1621 regina
1242 1560 1484 1622 querellis

205 1655 269 1695 20
381 1646 631 1695 invisente
657 1662 792 1695 novo
818 1648 1015 1712 proelia
1038 1655 1184 1695 torva
1207 1647 1334 1695 viro.

310 1743 363 1784 at
388 1743 444 1784 tu
468 1749 576 1783 non
606 1737 787 1784 orbum
812 1736 943 1783 luxti
970 1736 1172 1784 deserta
1197 1736 1383 1794 cubile,

383 1824 470 1873 sed
497 1824 670 1871 fratris
697 1824 802 1871 cari
829 1824 998 1872 flebile
1023 1823 1329 1872 discidium?

311 1927 466 1975 quam
491 1912 693 1974 penitus
719 1919 937 1960 maestas
966 1911 1137 1960 exedit
1162 1926 1284 1959 cura
1308 1910 1555 1961 medullas
1575 1912 1587 1959 l

383 2008 437 2049 ut
460 2000 551 2048 tibi
579 2008 688 2047 tum
711 2008 822 2048 toto
849 2007 1057 2064 pectore
1082 1999 1334 2048 sollicitae

205 2098 269 2140 25
309 2089 546 2139 sensibus
574 2088 758 2151 ereptis
785 2102 930 2137 mens
958 2088 1175 2137 excidit!
1217 2097 1271 2137 at
1293 2096 1343 2137 te
1370 2102 1467 2151 ego
1494 2095 1629 2138 certe

382 2192 664 2240 cognoram
691 2193 722 2225 a
748 2193 903 2241 parva
929 2177 1125 2240 virgine
1151 2177 1550 2241 magnanimam.

309 2281 445 2316 anne
471 2267 664 2315 bonum
691 2265 853 2318 oblita
877 2280 929 2314 es
956 2266 1178 2325 facinuS,
1210 2281 1314 2329 quo
1343 2266 1540 2328 regium
1553 2267 1784 2329 adepta’s

380 2354 698 2419 coniugium,
731 2369 839 2418 quo
862 2368 968 2403 non
996 2355 1182 2403 fortius
1207 2355 1345 2404 ausit
1367 2355 1501 2404 alis?

309 2444 399 2493 sed
423 2451 533 2492 tum
557 2450 752 2492 maesta
776 2444 938 2492 virum
963 2444 1169 2492 mittens
1197 2459 1331 2507 quae
1358 2445 1513 2494 verba
1537 2443 1781 2493 locuta’s!

207 2540 269 2583 30
380 2532 627 2596 Iuppiter,
659 2540 718 2581 ut
741 2532 874 2581 tristi
900 2532 1098 2581 lumina
1124 2547 1278 2596 saepe
1302 2535 1485 2583 manu!

311 2622 426 2685 quis
451 2630 502 2670 te
528 2621 743 2670 mutavit
766 2630 939 2671 tantus
968 2622 1129 2671 deus?
1166 2636 1234 2670 an
1261 2623 1400 2685 quod
1426 2630 1655 2671 amantes
