1942 3000
858 151 1037 191 unna
1633 149 1710 201 99

209 319 266 358 ut
291 310 395 357 iam
418 323 514 358 nec
541 310 671 357 bene
696 310 827 358 velle
852 316 1009 372 queat
1033 307 1142 367 tibi,
1174 309 1218 356 si
1246 308 1441 371 optima
1465 308 1575 369 flas,

279 413 374 446 nec
401 398 640 447 desistere
664 412 855 458 amare,
888 397 1063 445 omnia
1087 396 1130 444 si
1156 396 1330 445 facias.

798 586 1104 594 *—

830 770 1071 821 LXXVI.

207 928 369 992 Siqua
394 929 684 978 recordanti
711 931 980 978 benefacta
1003 931 1177 994 priora
1200 930 1437 992 voluptas

279 1025 356 1065 est
379 1017 592 1078 homini,
626 1033 742 1066 cum
769 1033 824 1067 se
851 1019 1044 1082 cogitat
1068 1033 1180 1067 esse
1207 1019 1363 1082 pium,

205 1121 302 1155 nec
328 1114 558 1154 sanctam
585 1107 804 1156 violasse
834 1108 1000 1167 fidem,
1032 1122 1129 1156 nee
1154 1108 1361 1155 foedere
1387 1107 1439 1155 in
1468 1106 1578 1155 ullo

277 1195 448 1243 divum
470 1196 533 1243 ad
560 1196 815 1244 fallendos
842 1196 1053 1244 numine
1078 1196 1294 1244 abusum
1321 1195 1573 1253 hominm,

134 1293 160 1331 5
201 1284 365 1332 multa
387 1293 568 1346 parata
595 1293 803 1332 manent
828 1284 879 1331 in
906 1284 1066 1347 longa
1090 1292 1274 1343 aetate,
1308 1282 1530 1343 Catulle,

276 1386 341 1420 ex
366 1373 465 1422 hoc
488 1373 693 1436 ingrat-o
721 1373 907 1435 gaudia
931 1387 1107 1422 amore
1130 1373 1241 1420 tibi.

201 1475 323 1509 nam
349 1475 705 1524 quaecumque
729 1461 962 1510 homines
991 1463 1121 1511 bene
1147 1461 1388 1524 cuiquam
1413 1467 1502 1510 aut
1528 1460 1700 1510 dicere

415 1558 633 1613 possunt

272 1648 360 1687 aut
382 1639 569 1698 facere,
601 1640 727 1688 haec
753 1654 785 1687 a
809 1648 859 1688 te
883 1639 1122 1703 dictaque
1146 1639 1385 1702 factaque
1412 1648 1550 1687 sunt.

201 1728 375 1776 omnia
401 1742 536 1790 quae
562 1727 798 1791 ingratae
824 1729 1088 1792 perierunt
1114 1728 1306 1777 credita
1329 1728 1506 1777 menti.

94 1825 154 1866 10
270 1831 430 1880 quare
457 1817 561 1865 iam
584 1825 635 1865 te
662 1832 753 1866 cur
777 1819 997 1880 amplius
1027 1817 1329 1867 excrucies?

197 1906 325 1968 quin
352 1913 408 1953 tu
432 1905 606 1953 animo
633 1906 871 1954 adfirmas
898 1906 1073 1969 itaque
1098 1907 1254 1955 istinc
1279 1913 1433 1968 teque
1457 1905 1679 1964 reducis,

269 2003 319 2043 et
345 1994 420 2042 dis
447 1995 620 2043 invitis
649 1995 840 2043 desinis
869 2009 982 2044 esse
1007 1995 1197 2044 miser?

196 2082 407 2131 difficile
435 2092 511 2132 est
536 2084 751 2146 longum
776 2085 945 2133 subito
974 2085 1231 2147 deponere
1257 2099 1501 2133 amorem.

268 2171 479 2221 difficile
507 2180 599 2232 est,
634 2187 809 2221 verum
834 2172 933 2220 hoc
959 2188 1064 2235 qua
1088 2172 1231 2220 lubet
1256 2173 1478 2221 efficias:

1 2329 6 2331 Α
87 2268 149 2309 15
195 2275 299 2308 una
325 2261 463 2308 salus
490 2261 618 2309 haec
646 2269 738 2320 est,
769 2261 868 2309 hoc
896 2269 974 2309 est
1000 2261 1092 2309 tibi
1120 2261 1548 2324 pervincendum:

266 2349 365 2396 hoc
391 2348 568 2407 facias,
601 2348 707 2396 sive
732 2349 785 2395 id
813 2363 917 2396 non
944 2358 1065 2412 pote
1090 2347 1195 2396 sive
1231 2356 1369 2411 pote.

192 2450 225 2483 o
254 2435 322 2494 di,
355 2436 397 2484 si
423 2444 643 2484 vestrum
672 2444 747 2484 est
771 2436 1016 2497 misereri,
1048 2444 1137 2484 aut
1162 2437 1204 2483 si
1232 2436 1421 2499 quibus
1454 2449 1694 2498 umquam

265 2532 545 2573 extremam
568 2524 671 2573 iam
697 2524 811 2587 ipsa
834 2534 1001 2573 morte
1027 2525 1213 2573 tulistis
1243 2538 1411 2587 opem,

190 2626 274 2661 me
299 2612 542 2660 miserum
566 2612 817 2675 adspicite
845 2611 935 2676 (et,
968 2613 1012 2660 si
1036 2613 1194 2661 vitam
1218 2611 1415 2675 puriter
1439 2611 1539 2672 egi,
