1942 3000
795 182 970 221 mmm
1001 182 1065 220 11.
1082 189 1091 194 -
1569 178 1679 230 233

84 348 146 389 4ο
254 339 455 388 intonet
479 346 701 401 angusto
726 346 937 402 pectore
963 338 1330 398 Callimachu3‚

186 442 281 477 nec
308 443 423 477 mea
449 428 763 478 conveniunt
787 429 916 480 duro
944 428 1249 491 praecordia
1271 441 1439 487 versu,

259 516 493 567 Caesaris
519 517 576 566 in
600 516 855 579 Phrygios
883 517 1106 566 condere
1129 531 1321 565 nomen
1346 530 1488 567 avos·

185 606 361 654 navita
386 605 449 654 de
472 605 653 665 ventis»,
686 604 748 653 de
774 605 931 653 tauris
956 613 1135 654 narrat
1158 612 1349 665 arator,

257 701 522 743 enumerat
544 694 691 743 miles
717 694 1158 756 i'ulnera„pastor
1184 707 1323 752 ovea,

81 791 144 833 45
183 797 281 833 nos
308 790 489 832 contra
512 790 738 846 angusto
764 789 1025 830 versantes
1051 781 1250 844 proelia
1274 781 1440 829 lectoz

258 887 362 934 qua
386 879 508 934 pote
534 871 769 934 quisque,
799 870 855 919 in
882 884 943 918 ea
969 876 1206 918 conterat
1228 876 1340 918 arte
1364 867 1516 920 diem.

184 960 298 1008 laus
325 960 381 1007 in
406 973 583 1008 amore
606 958 770 1008 morit
815 959 928 1007 laus
956 958 1146 1017 altera,
1178 956 1222 1005 si
1249 956 1399 1004 datur
1422 969 1530 1003 uno

256 1063 414 1113 posse
438 1048 568 1099 frui:
612 1048 755 1097 fruar
780 1063 811 1095 o
838 1048 985 1096 solus
1011 1060 1189 1096 amore
1211 1047 1361 1095 meo!

185 1138 232 1186 si
257 1138 483 1196 memini,
515 1138 649 1187 solet
671 1138 765 1186 illa
789 1138 925 1186 leves
953 1137 1168 1199 culpare
1194 1135 1416 1198 puellas,

83 1236 146 1278 50
260 1234 312 1275 et
337 1234 499 1276 totam
525 1241 591 1275 ex
616 1226 818 1274 Helena
845 1240 952 1275 non
980 1226 1167 1288 probat
1189 1223 1372 1272 Iliada.

188 1328 282 1364 seu
306 1315 430 1363 mihi
458 1315 562 1363 sint
587 1314 846 1378 tangenda
874 1327 1126 1362 novercae
1160 1311 1351 1376 pocula
1373 1310 1658 1371 Phaedrae,

259 1405 450 1468 pocula
474 1403 710 1467 privigno
739 1417 846 1451 non
873 1402 1112 1450 nocitura
1137 1415 1252 1459 su0‚

187 1507 281 1542 seu
306 1492 431 1540 mibi
457 1490 673 1542 Circaeo
699 1492 1019 1555 pereundum
1045 1498 1121 1539 est
1145 1488 1394 1552 gramine,
1425 1488 1532 1538 sive

260 1580 468 1631 Colchis
493 1579 733 1629 Iolciacis
767 1587 883 1627 urat
910 1593 1044 1627 aena
1068 1578 1218 1638 fociS,

79 1678 145 1720 55
185 1684 294 1719 una
317 1683 459 1717 meos
487 1669 735 1731 quoniam
759 1667 1004 1741 praedata
1030 1674 1107 1715 est
1131 1667 1323 1715 femina
1347 1680 1549 1727 sensus,

259 1771 325 1805 ex
348 1757 447 1806 hac
471 1757 723 1806 ducentur
748 1757 931 1804 funera
955 1763 1136 1804 nostra
1160 1754 1331 1803 domo·

187 1845 356 1894 omnis
385 1846 639 1894 humanos
668 1852 820 1893 sanat·
843 1843 1101 1892 medicina
1126 1843 1363 1892 dolores:

179 1930 188 1937 “
260 1935 404 1983 solus
430 1948 575 1982 amor
597 1933 766 1982 morbi
792 1948 898 1982 non
924 1943 1066 1981 amat
1089 1932 1354 1981 artificem.

186 2024 336 2071 tarda
359 2012 681 2072 Philoctetae
706 2022 908 2070 sanavit
932 2036 1084 2070 crura
1106 2021 1385 2078 Machaon,

81 2120 146 2161 60
258 2111 534 2160 Phoenicis
561 2109 755 2160 Chiron
781 2110 980 2158 lumina
1004 2108 1329 2170 PhillyrideS,

189 2206 241 2248 et
264 2199 389 2247 deus
416 2199 701 2248 extinctum
726 2196 924 2246 Cressis
950 2196 1263 2259 Epidaurius
1291 2193 1464 2243 herbis

260 2289 482 2337 restituit
506 2287 686 2351 patriis
711 2288 1068 2349 Androgeona
1092 2285 1242 2344 socie,

184 2375 365 2439 Mysus
394 2384 445 2424 et
468 2375 758 2424 Haemonia
781 2374 979 2423 iuvenis
1007 2388 1111 2437 qua
1137 2372 1349 2435 cuspide
1373 2372 1560 2420 vulnus

261 2469 507 2521 senserat,
542 2462 640 2511 hac
664 2462 779 2525 ipsa
805 2462 1016 2524 cuspide
1040 2461 1202 2509 sensit
1228 2474 1397 2523 opem.

79 2560 145 2602 65
187 2550 290 2600 hoc
317 2551 479 2614 siquis
505 2550 685 2599 vitium
711 2550 901 2614 poterit
922 2549 1047 2597 mihi
1074 2549 1293 2607 demere,
1332 2548 1475 2596 solus

258 2639 543 2688 Tantaleae
569 2639 759 2702 poterit
781 2638 983 2687 tradere
1007 2652 1163 2701 poma
1188 2651 1373 2685 manu:
1502 2626 1509 2631 ’
