1942 3000
735 201 741 207 .
781 177 963 215 mmm
993 177 1078 215 111.
1572 175 1676 227 291

116 391 120 393 V
253 332 511 394 agricolae
537 332 731 380 domini
759 348 966 396 carpere
993 334 1233 383 delicias!

85 432 106 471 7
121 433 145 470 5
188 421 410 484 quamvis
436 421 526 469 ille
553 436 647 469 sua
672 422 838 471 lassus
867 423 1157 484 requiescat
1182 438 1362 483 avena,

252 511 487 558 laudatur
512 510 677 558 facilis
703 510 838 558 inter
863 511 1249 574 hamadryadas.

186 606 239 647 tu
264 599 402 647 canis
428 599 643 647 Ascraei
668 599 852 648 veteris
879 608 1155 664 praecepta
1182 609 1384 663 poetae,

254 703 354 750 quo
382 703 529 750 seges
555 688 609 735 in
636 703 838 750 camp0,
873 703 977 749 quo
1006 688 1134 736 viret
1157 705 1256 736 uva
1277 689 1421 751 iugo,

183 777 282 825 tale
307 777 433 824 facis
462 790 686 835 carmen,
720 776 873 823 docta
897 776 1156 824 testudine
1183 777 1396 842 quale

80 875 143 916 80
253 865 500 927 Cynthius
526 864 762 926 inpositis
789 865 1314 927 temperatvarticulis.
1354 857 1359 862 ’
1395 860 1398 864 ’

183 969 285 1003 non
311 961 482 1001 tamen
510 952 635 1000 haec
659 953 753 1000 ulli
779 953 986 1002 venient
1008 953 1213 1015 ingrata
1246 952 1458 1015 legenti,

254 1043 357 1090 sive
382 1041 437 1088 in
462 1055 636 1089 amore
661 1041 798 1089 rudis
827 1042 934 1090 sive
959 1041 1152 1105 peritus
1182 1042 1292 1090 erit.

183 1145 276 1179 nec
300 1129 470 1177 minor
494 1130 572 1178 his
598 1130 800 1190 animis,
833 1115 938 1191 aut,
971 1130 1011 1178 si
1036 1131 1226 1189 minor,
1244 1145 1348 1179 =ore
1375 1143 1596 1178 canorus

252 1219 447 1267 anseris
470 1198 685 1267 'indocto
716 1219 940 1267 carmine
966 1219 1121 1267 cessit
1146 1219 1277 1267 olor.

74 1316 139 1360 85
181 1308 306 1356 haec
332 1321 541 1368 quoque
568 1306 795 1368 perfecto
822 1306 1034 1355 ludebat
1056 1308 1244 1355 Iasone
1270 1307 1454 1366 Varr0‚

250 1396 416 1443 Varro
444 1394 733 1442 Leucadiae
757 1376 983 1442 maxima
1008 1396 1211 1443 flamma
1244 1407 1384 1443 suae.

181 1485 308 1533 haec
336 1497 543 1546 quoque
568 1482 744 1531 lascivi
771 1489 1044 1531 cantarunt
1068 1483 1260 1546 scripta
1286 1482 1493 1543 Catulli,

163 1580 169 1587 “
250 1573 441 1621 Lesbia
467 1572 581 1634 quis
607 1571 720 1634 ipsa
745 1571 917 1619 notior
942 1579 1019 1619 est
1044 1571 1261 1619 Helena.

178 1661 308 1710 hacc
333 1661 489 1709 etiam
514 1660 652 1708 docti
677 1659 917 1707 confessa
944 1667 1022 1707 est
1048 1659 1239 1721 pagina
1265 1657 1426 1717 Calvi,

71 1759 135 1801 90
252 1766 367 1799 cum
395 1757 602 1798 caneret
625 1748 840 1797 miserae
864 1747 1049 1796 funera
1077 1745 1374 1807 Quintiliae.

180 1846 231 1886 et
254 1839 409 1886 modo
435 1838 664 1887 formosa
689 1852 845 1900 quam
869 1837 1034 1884 multa
1058 1835 1311 1897 Lycoride
1339 1833 1519 1883 Gallus

249 1934 481 1975 mortuus
507 1926 713 1974 inferna
736 1927 952 1974 vulnera
977 1925 1103 1973 lavit
1126 1925 1292 1985 aqua!

179 2014 402 2077 Cynthia
428 2014 551 2075 quin
579 2014 733 2061 etiam
758 2028 909 2061 versu
934 2013 1146 2060 laudata
1171 2011 1421 2074 Properti,

250 2104 346 2151 hos
372 2103 507 2149 inter
532 2101 573 2149 si
598 2116 680 2149 me
705 2116 899 2164 ponere
922 2102 1083 2148 Fama
1109 2101 1264 2148 volet.

1268 2737 1359 2784 19³
