1942 3000
857 190 1051 226 menn.
1599 185 1701 234 101

208 356 414 409 tamque
441 348 606 395 bonus
634 355 847 410 patruus
875 355 1082 410 tamque
1108 346 1281 394 omnia
1307 346 1463 409 plena
1486 345 1675 408 puellis

278 434 529 497 cognati&
561 449 720 497 quare
743 435 787 483 is
815 435 1014 483 desinat
1041 449 1152 482 esse
1177 434 1383 482 macer?

141 535 166 573 5
207 524 295 586 qui
325 533 378 571 ut
404 523 531 572 nihil
557 523 794 584 attingat,
837 523 934 570 nisi
963 523 1103 585 quod
1129 523 1207 570 fas
1234 530 1447 585 tangere
1473 536 1579 570 non
1606 529 1698 580 est,

279 613 602 675 quantumvis
629 626 787 674 quare
812 613 879 660 sit
902 626 1075 659 macer
1098 611 1345 659 invenieS.

822 981 1090 1030 Lxxxx.

206 1141 457 1189 Nascatur
480 1157 658 1203 magus
685 1156 750 1190 ex
777 1142 911 1190 Gelli
937 1141 1217 1204 matrisque
1242 1141 1467 1189 nefando

278 1229 521 1292 coniugio
550 1239 599 1278 et
626 1230 789 1278 discat
814 1229 1077 1277 Persicum
1104 1228 1446 1290 aruspicium:

206 1334 328 1367 nam
351 1334 530 1381 magus
558 1332 620 1366 ex
646 1326 808 1366 matre
835 1326 884 1366 et
908 1325 1066 1380 gnato
1093 1318 1336 1379 gignatur
1369 1325 1592 1380 oportet,

277 1407 319 1454 si
346 1421 463 1454 vera
491 1414 566 1454 est
592 1407 861 1455 Persarum
887 1406 1033 1467 inpia
1059 1406 1280 1468 relligio,

139 1504 164 1543 5
207 1504 392 1558 gnatus
421 1503 476 1543 ut
500 1504 715 1558 accepto
742 1504 1012 1542 veneretur
1039 1494 1264 1542 carmine
1290 1493 1432 1544 divos

282 1590 541 1632 omentum
567 1584 622 1631 in
648 1583 850 1630 flamma
877 1582 1069 1645 pingue
1096 1582 1450 1644 liquefaciens·

811 1955 1103 2004 LXXXXI.

204 2114 325 2162 Non
350 2114 484 2172 ide0,
521 2113 674 2173 Gelli,
707 2115 978 2177 sperabam
1003 2123 1053 2163 te
1076 2114 1201 2162 mihi
1228 2115 1383 2162 fidum

278 2204 333 2251 in
358 2203 544 2251 misero
572 2203 669 2251 hoc
697 2212 889 2263 nostro,
922 2204 1021 2251 hoc
1049 2203 1247 2265 perdito
1275 2217 1450 2250 amore
1475 2202 1603 2261 fore,

205 2291 347 2354 quod
372 2300 423 2339 te
450 2305 759 2353 cognossem
784 2292 914 2340 bene
941 2298 1326 2339 constantemve
1352 2298 1585 2352 putarem

277 2388 366 2428 aut
391 2394 542 2443 posse
569 2395 600 2427 a
625 2380 761 2442 turpi
787 2387 1012 2428 mentem
1037 2380 1269 2428 inhibere
1296 2379 1505 2441 probr0‚

132 2483 158 2520 5
203 2470 295 2518 sed
337 2483 502 2531 neque
548 2468 686 2529 quod
723 2475 937 2515 matrem
977 2482 1072 2515 nec
1111 2481 1407 2529 germanam
1433 2480 1544 2515 esse
1571 2465 1708 2512 vide—

420 2557 537 2604 bam

279 2646 412 2693 hanc
438 2644 547 2705 tibi,
581 2644 725 2693 cuius
752 2658 833 2692 me
858 2659 1076 2706 magnus
1105 2643 1285 2691 edebat
1311 2657 1471 2690 amor.
