<?xml version="1.0" encoding="UTF-8"?>
<!DOCTYPE html PUBLIC "-//W3C//DTD XHTML 1.0 Transitional//EN"
    "http://www.w3.org/TR/xhtml1/DTD/xhtml1-transitional.dtd">
<html xmlns="http://www.w3.org/1999/xhtml" xml:lang="en" lang="en">
 <head>
  <title>
</title>
<meta http-equiv="Content-Type" content="text/html;charset=utf-8" />
  <meta name='ocr-system' content='tesseract 3.04.00' />
  <meta name='ocr-capabilities' content='ocr_page ocr_carea ocr_par ocr_line ocrx_word'/>
</head>
<body>
  <div class='ocr_page' id='page_1' title='image "./catullitibullip02vahlgoog_0157.png"; bbox 0 0 1942 3000; ppageno 0'>
   <div class='ocr_carea' id='block_1_1' title="bbox 58 333 119 373">
    <p class='ocr_par' dir='ltr' id='par_1_1' title="bbox 58 333 119 373">
     <span class='ocr_line' id='line_1_1' title="bbox 58 333 119 373; baseline 0.033 -2"><span class='ocrx_word' id='word_1_1' title='bbox 58 333 119 373; x_wconf 80' lang='lat'>55</span> 
     </span>
    </p>
   </div>
   <div class='ocr_carea' id='block_1_2' title="bbox 20 775 118 834">
    <p class='ocr_par' dir='ltr' id='par_1_2' title="bbox 20 775 118 834">
     <span class='ocr_line' id='line_1_2' title="bbox 20 775 118 834; baseline -0.01 -18"><span class='ocrx_word' id='word_1_2' title='bbox 20 775 118 834; x_wconf 66' lang='lat' dir='ltr'>⁸eo</span> 
     </span>
    </p>
   </div>
   <div class='ocr_carea' id='block_1_3' title="bbox 57 1218 119 1258">
    <p class='ocr_par' dir='ltr' id='par_1_3' title="bbox 57 1218 119 1258">
     <span class='ocr_line' id='line_1_3' title="bbox 57 1218 119 1258; baseline 0 0"><span class='ocrx_word' id='word_1_3' title='bbox 57 1218 119 1258; x_wconf 80' lang='lat'>65</span> 
     </span>
    </p>
   </div>
   <div class='ocr_carea' id='block_1_4' title="bbox 790 165 1660 215">
    <p class='ocr_par' dir='ltr' id='par_1_4' title="bbox 790 165 1660 215">
     <span class='ocr_line' id='line_1_4' title="bbox 790 165 1660 215; baseline 0.013 -11"><span class='ocrx_word' id='word_1_4' title='bbox 790 166 970 205; x_wconf 75' lang='grc' dir='ltr'>ιῙΒΕΒ</span> <span class='ocrx_word' id='word_1_5' title='bbox 1002 168 1042 205; x_wconf 88' lang='lat'>1.</span> <span class='ocrx_word' id='word_1_6' title='bbox 1559 165 1660 215; x_wconf 82' lang='lat'>147</span> 
     </span>
    </p>
   </div>
   <div class='ocr_carea' id='block_1_5' title="bbox 162 324 1626 1538">
    <p class='ocr_par' dir='ltr' id='par_1_5' title="bbox 163 324 1440 462">
     <span class='ocr_line' id='line_1_5' title="bbox 163 324 1440 387; baseline 0 -15"><span class='ocrx_word' id='word_1_7' title='bbox 163 324 255 372; x_wconf 89' lang='lat' dir='ltr'>flet</span> <span class='ocrx_word' id='word_1_8' title='bbox 279 330 479 372; x_wconf 80' lang='lat' dir='ltr'><strong>teneras</strong></span> <span class='ocrx_word' id='word_1_9' title='bbox 506 324 719 371; x_wconf 81' lang='lat' dir='ltr'>subtusa</span> <span class='ocrx_word' id='word_1_10' title='bbox 744 338 921 386; x_wconf 74' lang='lat' dir='ltr'>genae,</span> <span class='ocrx_word' id='word_1_11' title='bbox 950 324 1040 372; x_wconf 84' lang='lat' dir='ltr'>sed</span> <span class='ocrx_word' id='word_1_12' title='bbox 1067 324 1229 373; x_wconf 82' lang='lat' dir='ltr'>victor</span> <span class='ocrx_word' id='word_1_13' title='bbox 1256 333 1304 372; x_wconf 88' lang='lat' dir='ltr'>et</span> <span class='ocrx_word' id='word_1_14' title='bbox 1329 324 1440 387; x_wconf 86' lang='lat' dir='ltr'><strong>ipse</strong></span> 
     </span>
     <span class='ocr_line' id='line_1_6' title="bbox 237 412 1336 462; baseline 0.001 -2"><span class='ocrx_word' id='word_1_15' title='bbox 237 412 326 460; x_wconf 76' lang='lat' dir='ltr'>flet</span> <span class='ocrx_word' id='word_1_16' title='bbox 350 412 448 459; x_wconf 85' lang='lat' dir='ltr'>sibi</span> <span class='ocrx_word' id='word_1_17' title='bbox 474 412 732 460; x_wconf 84' lang='lat' dir='ltr'>dementes</span> <span class='ocrx_word' id='word_1_18' title='bbox 761 420 865 460; x_wconf 82' lang='lat' dir='ltr'>tam</span> <span class='ocrx_word' id='word_1_19' title='bbox 890 413 1112 461; x_wconf 79' lang='lat' dir='ltr'>valuisse</span> <span class='ocrx_word' id='word_1_20' title='bbox 1136 426 1336 462; x_wconf 75' lang='lat' dir='ltr'>manue.</span> 
     </span>
    </p>

    <p class='ocr_par' dir='ltr' id='par_1_6' title="bbox 162 500 1457 652">
     <span class='ocr_line' id='line_1_7' title="bbox 162 500 1457 562; baseline 0.002 -14"><span class='ocrx_word' id='word_1_21' title='bbox 162 509 217 548; x_wconf 83' lang='lat' dir='ltr'>at</span> <span class='ocrx_word' id='word_1_22' title='bbox 244 500 461 547; x_wconf 85' lang='lat' dir='ltr'>lascivus</span> <span class='ocrx_word' id='word_1_23' title='bbox 485 501 650 549; x_wconf 86' lang='lat' dir='ltr'>Amor</span> <span class='ocrx_word' id='word_1_24' title='bbox 674 501 817 549; x_wconf 80' lang='lat' dir='ltr'>rixae</span> <span class='ocrx_word' id='word_1_25' title='bbox 842 502 982 550; x_wconf 79' lang='lat' dir='ltr'>mala</span> <span class='ocrx_word' id='word_1_26' title='bbox 1007 503 1161 551; x_wconf 79' lang='lat' dir='ltr'>verba</span> <span class='ocrx_word' id='word_1_27' title='bbox 1183 501 1457 562; x_wconf 78' lang='lat' dir='ltr'><strong>ministrat,</strong></span> 
     </span>
     <span class='ocr_line' id='line_1_8' title="bbox 235 589 1335 652; baseline 0.002 -16"><span class='ocrx_word' id='word_1_28' title='bbox 235 589 368 637; x_wconf 84' lang='lat' dir='ltr'><strong>inter</strong></span> <span class='ocrx_word' id='word_1_29' title='bbox 393 597 443 636; x_wconf 88' lang='lat' dir='ltr'>et</span> <span class='ocrx_word' id='word_1_30' title='bbox 466 589 653 637; x_wconf 77' lang='lat' dir='ltr'>iratum</span> <span class='ocrx_word' id='word_1_31' title='bbox 678 590 845 637; x_wconf 85' lang='lat' dir='ltr'>lentus</span> <span class='ocrx_word' id='word_1_32' title='bbox 872 597 1146 652; x_wconf 87' lang='lat' dir='ltr'>utrumque</span> <span class='ocrx_word' id='word_1_33' title='bbox 1179 590 1335 638; x_wconf 84' lang='lat' dir='ltr'>sedet.</span> 
     </span>
    </p>

    <p class='ocr_par' dir='ltr' id='par_1_7' title="bbox 165 677 1597 828">
     <span class='ocr_line' id='line_1_9' title="bbox 165 677 1597 742; baseline 0.002 -18"><span class='ocrx_word' id='word_1_34' title='bbox 165 678 234 725; x_wconf 79' lang='lat' dir='ltr'>ah</span> <span class='ocrx_word' id='word_1_35' title='bbox 260 677 392 740; x_wconf 82' lang='lat' dir='ltr'><strong>lapis</strong></span> <span class='ocrx_word' id='word_1_36' title='bbox 419 685 495 725; x_wconf 84' lang='lat' dir='ltr'>est</span> <span class='ocrx_word' id='word_1_37' title='bbox 522 678 830 740; x_wconf 87' lang='lat' dir='ltr'>ferrumque,</span> <span class='ocrx_word' id='word_1_38' title='bbox 863 693 1009 726; x_wconf 80' lang='lat' dir='ltr'>suam</span> <span class='ocrx_word' id='word_1_39' title='bbox 1034 679 1344 742; x_wconf 80' lang='lat' dir='ltr'>quicumque</span> <span class='ocrx_word' id='word_1_40' title='bbox 1370 678 1597 742; x_wconf 78' lang='lat' dir='ltr'>puellam</span> 
     </span>
     <span class='ocr_line' id='line_1_10' title="bbox 238 765 1234 828; baseline 0.004 -16"><span class='ocrx_word' id='word_1_41' title='bbox 238 766 495 814; x_wconf 83' lang='lat' dir='ltr'>verberat:</span> <span class='ocrx_word' id='word_1_42' title='bbox 540 780 567 813; x_wconf 90' lang='lat' dir='ltr'>e</span> <span class='ocrx_word' id='word_1_43' title='bbox 593 765 738 814; x_wconf 81' lang='lat' dir='ltr'>caelo</span> <span class='ocrx_word' id='word_1_44' title='bbox 765 766 952 828; x_wconf 77' lang='lat' dir='ltr'><strong>deripit</strong></span> <span class='ocrx_word' id='word_1_45' title='bbox 976 767 1065 815; x_wconf 91' lang='lat' dir='ltr'>ille</span> <span class='ocrx_word' id='word_1_46' title='bbox 1091 767 1234 816; x_wconf 73' lang='lat' dir='ltr'>de08.</span> 
     </span>
    </p>

    <p class='ocr_par' dir='ltr' id='par_1_8' title="bbox 165 854 1477 1003">
     <span class='ocr_line' id='line_1_11' title="bbox 165 854 1477 916; baseline 0.001 -14"><span class='ocrx_word' id='word_1_47' title='bbox 165 855 233 903; x_wconf 80' lang='lat' dir='ltr'>sit</span> <span class='ocrx_word' id='word_1_48' title='bbox 255 855 378 902; x_wconf 80' lang='lat' dir='ltr'>satis</span> <span class='ocrx_word' id='word_1_49' title='bbox 405 868 434 902; x_wconf 91' lang='lat' dir='ltr'>e</span> <span class='ocrx_word' id='word_1_50' title='bbox 458 854 697 902; x_wconf 80' lang='lat' dir='ltr'><strong>membris</strong></span> <span class='ocrx_word' id='word_1_51' title='bbox 724 863 930 903; x_wconf 87' lang='lat' dir='ltr'>tenuem</span> <span class='ocrx_word' id='word_1_52' title='bbox 955 855 1242 904; x_wconf 79' lang='lat' dir='ltr'><strong>rescindere</strong></span> <span class='ocrx_word' id='word_1_53' title='bbox 1268 863 1477 916; x_wconf 82' lang='lat' dir='ltr'>vestem,</span> 
     </span>
     <span class='ocr_line' id='line_1_12' title="bbox 238 943 1239 1003; baseline 0.002 -12"><span class='ocrx_word' id='word_1_54' title='bbox 238 943 306 992; x_wconf 79' lang='lat' dir='ltr'>sit</span> <span class='ocrx_word' id='word_1_55' title='bbox 329 943 452 990; x_wconf 82' lang='lat' dir='ltr'><strong>satis</strong></span> <span class='ocrx_word' id='word_1_56' title='bbox 481 951 692 991; x_wconf 82' lang='lat' dir='ltr'>ornatus</span> <span class='ocrx_word' id='word_1_57' title='bbox 718 943 1019 992; x_wconf 82' lang='lat' dir='ltr'>dissoluisse</span> <span class='ocrx_word' id='word_1_58' title='bbox 1045 958 1239 1003; x_wconf 83' lang='lat' dir='ltr'>comae,</span> 
     </span>
    </p>

    <p class='ocr_par' dir='ltr' id='par_1_9' title="bbox 165 1031 1461 1184">
     <span class='ocr_line' id='line_1_13' title="bbox 165 1031 1461 1095; baseline 0 -15"><span class='ocrx_word' id='word_1_59' title='bbox 165 1032 233 1080; x_wconf 85' lang='lat' dir='ltr'>sit</span> <span class='ocrx_word' id='word_1_60' title='bbox 258 1031 492 1086; x_wconf 77' lang='lat' dir='ltr'>lacrimas</span> <span class='ocrx_word' id='word_1_61' title='bbox 519 1032 736 1080; x_wconf 83' lang='lat' dir='ltr'>movisse</span> <span class='ocrx_word' id='word_1_62' title='bbox 762 1032 915 1080; x_wconf 80' lang='lat' dir='ltr'>satis:</span> <span class='ocrx_word' id='word_1_63' title='bbox 961 1043 1142 1095; x_wconf 82' lang='lat' dir='ltr'>quater</span> <span class='ocrx_word' id='word_1_64' title='bbox 1169 1033 1257 1081; x_wconf 88' lang='lat' dir='ltr'>ille</span> <span class='ocrx_word' id='word_1_65' title='bbox 1283 1033 1461 1081; x_wconf 82' lang='lat' dir='ltr'>beatus</span> 
     </span>
     <span class='ocr_line' id='line_1_14' title="bbox 237 1119 1263 1184; baseline 0.002 -17"><span class='ocrx_word' id='word_1_66' title='bbox 237 1135 341 1182; x_wconf 89' lang='lat' dir='ltr'>quo</span> <span class='ocrx_word' id='word_1_67' title='bbox 367 1127 543 1169; x_wconf 80' lang='lat' dir='ltr'><strong>tenera</strong></span> <span class='ocrx_word' id='word_1_68' title='bbox 566 1119 701 1168; x_wconf 80' lang='lat' dir='ltr'><strong>irato</strong></span> <span class='ocrx_word' id='word_1_69' title='bbox 729 1121 850 1168; x_wconf 87' lang='lat' dir='ltr'>flere</span> <span class='ocrx_word' id='word_1_70' title='bbox 875 1122 1051 1183; x_wconf 82' lang='lat' dir='ltr'>puella</span> <span class='ocrx_word' id='word_1_71' title='bbox 1076 1129 1263 1184; x_wconf 85' lang='lat' dir='ltr'><strong>potest.</strong></span> 
     </span>
    </p>

    <p class='ocr_par' dir='ltr' id='par_1_10' title="bbox 166 1208 1626 1360">
     <span class='ocr_line' id='line_1_15' title="bbox 166 1208 1626 1273; baseline 0 -16"><span class='ocrx_word' id='word_1_72' title='bbox 166 1208 257 1257; x_wconf 85' lang='lat' dir='ltr'>sed</span> <span class='ocrx_word' id='word_1_73' title='bbox 282 1208 518 1256; x_wconf 84' lang='lat' dir='ltr'>manibus</span> <span class='ocrx_word' id='word_1_74' title='bbox 544 1209 632 1270; x_wconf 93' lang='lat' dir='ltr'>qui</span> <span class='ocrx_word' id='word_1_75' title='bbox 656 1223 836 1257; x_wconf 82' lang='lat' dir='ltr'>saevus</span> <span class='ocrx_word' id='word_1_76' title='bbox 864 1209 974 1268; x_wconf 85' lang='lat' dir='ltr'>erit,</span> <span class='ocrx_word' id='word_1_77' title='bbox 1009 1217 1311 1272; x_wconf 83' lang='lat' dir='ltr'>scutumque</span> <span class='ocrx_word' id='word_1_78' title='bbox 1346 1209 1626 1273; x_wconf 86' lang='lat' dir='ltr'>sudemque</span> 
     </span>
     <span class='ocr_line' id='line_1_16' title="bbox 239 1296 1261 1360; baseline 0.003 -16"><span class='ocrx_word' id='word_1_79' title='bbox 239 1296 282 1344; x_wconf 87' lang='lat' dir='ltr'>is</span> <span class='ocrx_word' id='word_1_80' title='bbox 309 1304 452 1359; x_wconf 79' lang='lat' dir='ltr'>gerat</span> <span class='ocrx_word' id='word_1_81' title='bbox 478 1305 527 1344; x_wconf 87' lang='lat' dir='ltr'>et</span> <span class='ocrx_word' id='word_1_82' title='bbox 550 1297 659 1345; x_wconf 87' lang='lat' dir='ltr'>miti</span> <span class='ocrx_word' id='word_1_83' title='bbox 687 1298 753 1345; x_wconf 87' lang='lat' dir='ltr'>sit</span> <span class='ocrx_word' id='word_1_84' title='bbox 777 1298 959 1360; x_wconf 83' lang='lat' dir='ltr'>procul</span> <span class='ocrx_word' id='word_1_85' title='bbox 988 1314 1018 1345; x_wconf 82' lang='lat' dir='ltr'>a</span> <span class='ocrx_word' id='word_1_86' title='bbox 1043 1298 1261 1347; x_wconf 88' lang='lat' dir='ltr'>Venere.</span> 
     </span>
    </p>

    <p class='ocr_par' dir='ltr' id='par_1_11' title="bbox 164 1385 1421 1538">
     <span class='ocr_line' id='line_1_17' title="bbox 164 1385 1421 1449; baseline 0.001 -15"><span class='ocrx_word' id='word_1_87' title='bbox 164 1393 220 1434; x_wconf 82' lang='lat' dir='ltr'>at</span> <span class='ocrx_word' id='word_1_88' title='bbox 245 1385 414 1437; x_wconf 79' lang='lat' dir='ltr'>nobis,</span> <span class='ocrx_word' id='word_1_89' title='bbox 445 1385 556 1433; x_wconf 81' lang='lat' dir='ltr'>Pax</span> <span class='ocrx_word' id='word_1_90' title='bbox 578 1387 731 1445; x_wconf 79' lang='lat' dir='ltr'>alma,</span> <span class='ocrx_word' id='word_1_91' title='bbox 764 1386 880 1434; x_wconf 85' lang='lat' dir='ltr'>veni</span> <span class='ocrx_word' id='word_1_92' title='bbox 904 1386 1204 1449; x_wconf 82' lang='lat' dir='ltr'>spicamque</span> <span class='ocrx_word' id='word_1_93' title='bbox 1229 1395 1421 1447; x_wconf 84' lang='lat' dir='ltr'>tenete,</span> 
     </span>
     <span class='ocr_line' id='line_1_18' title="bbox 238 1473 1327 1538; baseline 0.002 -16"><span class='ocrx_word' id='word_1_94' title='bbox 238 1473 455 1538; x_wconf 81' lang='lat' dir='ltr'>perfluat</span> <span class='ocrx_word' id='word_1_95' title='bbox 479 1483 531 1523; x_wconf 87' lang='lat' dir='ltr'>et</span> <span class='ocrx_word' id='word_1_96' title='bbox 554 1475 721 1538; x_wconf 84' lang='lat' dir='ltr'>pomis</span> <span class='ocrx_word' id='word_1_97' title='bbox 749 1475 995 1524; x_wconf 81' lang='lat' dir='ltr'>candidus</span> <span class='ocrx_word' id='word_1_98' title='bbox 1022 1483 1142 1524; x_wconf 82' lang='lat' dir='ltr'>ante</span> <span class='ocrx_word' id='word_1_99' title='bbox 1167 1476 1327 1525; x_wconf 75' lang='lat' dir='ltr'>sinus,</span> 
     </span>
    </p>
   </div>
   <div class='ocr_carea' id='block_1_6' title="bbox 1249 2732 1336 2779">
    <p class='ocr_par' dir='ltr' id='par_1_12' title="bbox 1249 2732 1336 2779">
     <span class='ocr_line' id='line_1_19' title="bbox 1249 2732 1336 2779; baseline 0 0"><span class='ocrx_word' id='word_1_100' title='bbox 1249 2732 1336 2779; x_wconf 82' lang='lat'>10·</span> 
     </span>
    </p>
   </div>
  </div>
 </body>
</html>
