1942 3000
830 142 1029 181 unna.
1608 139 1677 191 93

819 404 1035 454 LXXII.

176 564 406 613 Dicebas
438 565 698 626 quondam
723 564 892 613 solum
917 572 967 613 te
993 578 1147 613 nosse
1174 563 1451 622 Catullum,

254 652 463 713 Lesbia,
495 667 592 701 nec
618 668 739 716 prae
767 666 849 701 me
874 653 1005 701 velle
1030 661 1205 702 tenere
1229 653 1420 701 Iovem.

178 741 341 789 dilexi
365 748 476 789 tum
500 749 551 790 te
576 757 684 789 non
710 749 909 790 tantum
934 749 993 789 ut
1016 742 1199 804 vulgus
1225 741 1457 801 amicam,

253 830 344 877 sed
370 839 514 894 pater
543 837 597 878 ut
621 838 806 892 gnatos
834 830 1001 892 diligit
1025 839 1076 878 et
1100 843 1335 892 generos,

103 929 134 967 5
179 932 324 966 nunc
349 925 399 967 te
424 919 674 981 cognovi:
718 932 878 981 quare
905 919 1001 967 etsi
1027 918 1294 981 inpensius
1321 933 1460 978 uror,

254 1007 417 1055 multo
446 1007 516 1054 mi
541 1014 714 1055 tamen
742 1022 797 1055 es
823 1007 971 1055 vilior
998 1015 1048 1056 et
1073 1006 1249 1056 levior.

177 1095 272 1159 qui
298 1095 433 1157 potis
462 1096 574 1143 est?
610 1096 800 1159 inquis.
880 1096 1020 1158 quod
1046 1106 1301 1144 amantem
1325 1095 1511 1144 iniuria
1537 1095 1653 1144 talis

259 1184 400 1246 cogit
424 1198 595 1232 amare
619 1184 801 1248 magis,
834 1184 922 1232 sed
948 1185 1080 1233 bene
1106 1185 1234 1233 velle
1260 1184 1447 1234 minus.

806 1556 1049 1605 LXXIII.

182 1715 376 1763 Desine
401 1715 465 1764 de
490 1731 752 1779 quoquam
776 1716 1053 1779 quicquam
1080 1717 1210 1765 bene
1234 1715 1365 1764 velle
1391 1715 1573 1764 mereri

257 1815 345 1851 aut
371 1804 597 1867 aliquem
623 1804 730 1853 fieri
758 1819 914 1867 posse
939 1812 1121 1868 putare
1146 1804 1305 1867 pium.

187 1892 361 1940 omnia
387 1900 508 1941 sunt
531 1893 750 1954 ingrata,
781 1893 909 1941 nihil
935 1892 1121 1941 fecisse
1148 1892 1398 1954 benigne:

250 1980 405 2028 immo
434 1981 585 2030 etiam
609 1981 793 2041 taedet,
827 1982 865 2030 si
894 1982 966 2041 fit,
999 1983 1246 2044 obestque
1269 1981 1463 2043 magis3

118 2080 143 2119 5
183 2077 242 2118 ut
264 2069 405 2128 mihi,
437 2084 591 2131 quem
615 2085 766 2118 nemo
792 2070 996 2133 gravius
1024 2084 1119 2118 nee
1145 2070 1377 2118 acerbius
1403 2079 1569 2132 urget,

257 2172 412 2220 quam
435 2158 590 2205 modo
618 2158 707 2220 qui
732 2172 814 2207 me
837 2173 999 2206 unum
1023 2164 1177 2222 atque
1213 2158 1422 2206 unicum
1457 2158 1678 2206 amicum

395 2246 589 2294 habuit.
