1942 3000
252 176 357 227 344
831 178 1154 217 PROPERTH

247 336 398 398 siqua
421 343 593 384 tamen
620 335 712 383 tibi
738 336 935 383 lecturo
960 350 1080 397 pars
1102 334 1267 383 oblita
1289 333 1464 392 deerit,

321 425 447 480 haec
473 424 568 472 erit
594 437 622 471 e
648 423 870 471 lacrimis
898 424 1038 471 facta
1062 424 1217 470 litura
1241 422 1394 469 meis:

183 523 208 558 5
250 521 338 561 aut
362 513 512 576 siqua
537 513 734 560 incerto
761 512 908 560 fallet
931 520 983 559 te
1008 512 1176 559 littera
1201 517 1381 566 tractu,

319 600 471 662 signa
495 613 640 647 meae
666 600 875 647 dextrae
899 599 1004 645 iam
1028 598 1295 645 morientis
1322 605 1488 644 erunt.

249 697 298 737 te
322 689 475 736 modo
503 688 738 736 viderunt
762 688 973 735 iteratos
999 686 1188 734 Bactra
1213 700 1305 748 per
1331 693 1491 740 ortuS,

321 785 370 824 te
395 776 550 822 modo
576 776 775 823 munito
801 774 1053 822 Neuricus
1079 773 1240 821 hostis
1267 787 1419 834 equo,

248 863 551 924 hibernique
579 861 756 922 Getae,
788 862 1032 924 pictoque
1056 861 1329 909 Britannia
1353 875 1527 919 curru,

148 960 207 1000 10
320 960 464 999 ustus
492 960 540 998 et
568 965 663 998 eoa
690 951 916 998 discolor
938 950 1097 997 Indus
1124 964 1277 1012 aqua.

246 1040 440 1087 haecne
465 1038 649 1086 marita
673 1038 796 1086 fides
825 1045 875 1085 et
899 1046 1082 1100 pactae
1108 1038 1162 1084 in
1188 1037 1329 1084 savia
1361 1044 1564 1095 nocte8‚

320 1143 436 1176 cum
461 1127 599 1175 rudis
627 1126 830 1188 urgenti
858 1126 1100 1174 bracchia
1124 1126 1255 1173 vieta
1284 1125 1437 1174 dedi?

248 1229 380 1278 quae
405 1215 529 1262 mihi
557 1215 805 1263 deductae
830 1214 920 1261 fax
947 1227 1098 1262 omen
1126 1213 1385 1276 praetulit,
1415 1211 1506 1259 illa

317 1303 474 1350 traxit
500 1303 562 1349 ab
590 1316 763 1350 everso
792 1301 988 1349 lumina
1014 1302 1162 1363 nigra
1185 1314 1332 1362 rog-0,

145 1399 204 1439 15
247 1398 297 1438 et
322 1388 500 1453 Stygio
528 1405 640 1438 sum
667 1404 845 1452 sparsa
871 1390 1007 1448 lacu,
1041 1402 1139 1436 nec
1165 1396 1305 1436 recta
1331 1387 1533 1449 capillis

316 1479 439 1528 vitta
465 1479 582 1527 data
610 1486 700 1538 est,
733 1478 886 1541 nupsi
913 1493 1022 1527 non
1049 1477 1327 1527 comitante
1352 1477 1465 1525 deo.

246 1568 484 1616 omnibus
511 1567 611 1616 heu
636 1567 796 1631 portis
824 1568 1051 1630 pendent
1077 1581 1189 1614 mea
1214 1566 1374 1614 noxia
1398 1573 1548 1613 vota:

317 1655 506 1703 texitur
532 1655 657 1703 haec
685 1655 862 1703 castris
890 1661 1076 1717 quarta
1100 1656 1309 1702 lacerna
1334 1654 1453 1702 tuis,

246 1745 463 1803 occidat,
494 1744 731 1792 inmerita
757 1745 845 1806 qui
873 1744 1066 1805 carpsit
1089 1744 1154 1790 ab
1180 1744 1365 1790 arbore
1389 1743 1611 1790 vallum·

142 1840 203 1881 20
317 1840 367 1880 et
390 1832 576 1880 struxit
602 1834 843 1896 querulas
869 1847 1026 1880 rauca
1050 1846 1142 1895 per
1168 1847 1288 1879 ossa
1319 1832 1489 1891 tubas,

245 1918 448 1981 dignior
474 1919 687 1982 obliquo
714 1920 892 1969 funem
919 1921 1009 1983 qui
1034 1928 1272 1983 torqueat
1297 1918 1446 1969 Ocno

315 2016 656 2071 aeternusque
681 2018 823 2057 tuam
848 2018 1043 2072 pascat,
1076 2010 1253 2067 aselle,
1286 2010 1490 2056 famem.

243 2095 324 2143 dic
349 2096 492 2156 mihi,
525 2112 649 2144 num
674 2105 879 2145 teneros
906 2099 1007 2145 urit
1032 2098 1193 2145 lorica
1219 2096 1470 2145 lacertos?

314 2198 439 2231 num
464 2185 632 2246 gravis
658 2185 876 2233 inbelles
904 2186 1077 2234 atterit
1101 2187 1249 2234 hasta
1275 2185 1491 2233 manus?

140 2276 200 2317 25
243 2271 368 2317 haec
395 2280 616 2318 noceant
639 2272 808 2332 potius
836 2288 992 2334 quam
1019 2274 1255 2321 dentibus
1284 2274 1391 2321 ulla
1416 2273 1593 2334 puella

314 2356 399 2401 det
423 2357 546 2401 mihi
574 2357 850 2416 plorandas
878 2373 969 2418 per
995 2367 1084 2405 tua
1111 2361 1247 2407 eolla
1274 2367 1438 2408 notas.

242 2439 424 2486 diceris
453 2449 503 2486 et
526 2442 689 2488 macie
715 2443 910 2489 vultum
937 2452 1207 2494 tenuasse:
1252 2448 1339 2495 sed
1366 2454 1511 2509 opto,

314 2537 340 2569 e
367 2524 620 2570 desiderio
647 2526 713 2571 sit
739 2527 882 2573 color
906 2529 1003 2576 istc
1028 2545 1161 2578 mec.

239 2614 292 2653 at
316 2608 438 2653 mihi
466 2623 580 2655 cum
608 2616 785 2657 noctes
810 2611 1015 2661 induxit
1040 2616 1240 2678 Vesper
1264 2634 1484 2679 amarae,
