1942 3000
238 131 342 182 182
860 133 1103 171 unum

132 300 193 341 70
232 291 382 339 illum
406 290 539 338 inter
564 289 797 352 geminae
822 297 1031 338 nantem
1057 290 1284 339 confinia
1307 290 1488 338 mortis

134 741 195 781 75

134 1184 195 1225 80

134 1627 194 1667 85

120 2068 195 2109 ,90

3 2862 121 2944 l.

133 2509 196 2551 95

236 394 332 428 nec
360 378 563 440 Scyllae
587 392 738 426 saevo
769 378 1052 426 conterruit
1074 378 1294 441 impetus
1321 393 1428 438 ore,

236 483 353 516 cum
381 466 593 529 canibus
619 466 822 529 rapidas
849 466 983 515 inter
1009 467 1115 515 fera
1139 475 1368 530 serperet
1392 468 1574 525 undaS,

235 570 333 604 nec
358 556 584 603 violenta
608 570 702 603 suo
731 556 1050 618 consumpsit
1075 570 1217 603 more
1244 555 1545 616 CharybdiS‚

236 645 314 692 vel
342 644 386 691 si
412 643 642 691 sublimis
669 644 827 692 fluctu
854 654 1188 706 consurgeret
1211 645 1334 704 im0‚

236 733 314 780 vel
341 733 385 781 si
409 734 693 795 interrupto
721 732 938 780 nudaret
961 733 1161 794 gurgite
1185 741 1416 795 pontum.

236 836 342 870 non
369 821 561 869 violata
584 821 698 882 vagi
724 821 972 868 sileantur
997 836 1190 883 pascua
1216 822 1371 880 Solis,

240 926 347 959 non
374 924 520 958 amor
545 917 597 957 et
619 909 841 957 fecunda
865 910 1161 957 Atlantidos
1188 926 1309 957 arva
1333 910 1606 973 Calypsus,

237 999 352 1048 finis
382 1005 431 1047 et
456 997 640 1046 erroris
666 997 837 1045 miseri
865 997 1120 1046 Phaeacia
1145 1000 1314 1047 tellus,

237 1095 391 1151 atque
416 1087 542 1135 haec
566 1100 658 1134 seu
683 1093 883 1134 nostras
909 1087 1043 1134 inter
1067 1094 1187 1135 sunt
1212 1088 1418 1150 cognita
1444 1096 1621 1147 terras,

237 1176 415 1224 fabula
441 1175 545 1223 sive
570 1189 759 1222 novum
786 1175 923 1224 dedit
947 1175 1024 1222 his
1052 1175 1305 1223 erroribus
1334 1177 1527 1235 orbem,

238 1264 306 1313 sit
330 1265 482 1312 labor
505 1263 661 1322 illius,
695 1270 783 1312 tua
807 1263 928 1311 dum
952 1264 1210 1324 facundia,
1242 1264 1420 1313 maior.

309 1367 430 1401 nam
457 1359 507 1399 te
533 1366 641 1400 non
667 1351 800 1399 alius
829 1352 951 1399 belli
977 1359 1116 1400 tenet
1141 1353 1310 1415 aptius
1337 1362 1489 1413 arteS,

238 1456 342 1505 qua
367 1441 545 1489 deceat
569 1447 730 1487 tutam
755 1440 929 1487 castris
955 1441 1267 1504 praeducere
1291 1441 1500 1503 fossam,

238 1530 461 1593 qualiter
489 1529 727 1577 adversos
754 1529 890 1576 hosti
918 1530 1141 1591 defigere
1167 1545 1360 1589 cervos,

238 1632 452 1681 quemve
476 1617 647 1666 locum
675 1618 827 1665 ducto
854 1618 1036 1666 melius
1064 1618 1130 1665 sit
1157 1619 1394 1667 claudere
1419 1620 1573 1679 va110‚

235 1707 469 1755 fontibus
495 1714 552 1754 ut
577 1705 751 1754 dulces
781 1713 1015 1768 erumpat
1040 1714 1172 1754 terra
1198 1707 1443 1770 liquores,

239 1802 295 1843 ut
320 1795 590 1857 facilisque
615 1794 714 1841 tuis
742 1794 909 1842 aditus
936 1794 1003 1842 sit
1027 1802 1078 1842 et
1101 1796 1288 1844 arduus
1316 1796 1470 1856 hosti,

237 1884 403 1932 laudis
431 1890 480 1931 et
503 1881 716 1930 adsiduo
744 1882 913 1944 vigeat
938 1884 1212 1931 certamine
1245 1884 1411 1933 miles.

241 1972 356 2034 quis
382 1970 642 2019 tardamve
668 1970 846 2018 sudem
871 1971 1055 2020 melius
1085 1967 1363 2021 celeremve
1389 1972 1630 2035 sagittam

237 2060 415 2108 iecerit
440 2065 527 2107 aut
555 2060 696 2107 lento
724 2060 1027 2123 perfregerit
1051 2061 1203 2108 obvia
1227 2061 1334 2123 pilo
1350 2060 1374 2108 ἲ

237 2156 329 2197 aut
354 2149 468 2211 quis
496 2162 686 2211 equum
712 2149 993 2196 celeremve
1019 2156 1130 2197 arto
1159 2162 1468 2211 conpescere
1493 2148 1641 2196 freno

229 2237 464 2301 ,possitve
488 2236 673 2285 effusas
699 2237 845 2284 tardo
873 2238 1166 2300 permittere
1199 2238 1445 2296 habenae,

235 2326 395 2388 inque
419 2325 580 2373 vicem
605 2326 758 2373 modo
786 2326 980 2374 directo
1008 2325 1318 2374 contendere
1344 2339 1515 2387 passu,

237 2428 329 2462 seu
357 2414 532 2474 libeat,
565 2429 719 2462 curvo
748 2415 947 2463 brevius
976 2422 1277 2463 convertere
1302 2427 1446 2475 ger,

238 2501 353 2564 quis
380 2516 576 2564 parma,
612 2516 704 2551 seu
730 2503 909 2551 dextra
933 2503 1054 2550 velit
1078 2517 1168 2550 seu
1193 2503 1354 2561 laeva,
1386 2501 1533 2560 tueri,

236 2589 342 2638 sive
367 2590 464 2638 hac
490 2591 596 2640 sive
620 2592 742 2640 illac
769 2591 976 2654 grandis
1003 2591 1141 2638 venit
1163 2591 1383 2653 impetus
1411 2591 1588 2638 hastae
