1942 3000
301 156 407 207 354
834 137 864 220 ζ
885 160 1199 197 Pnornnrn

369 315 492 362 dum
515 315 732 376 canitur,
771 328 985 377 quaeso,
1016 315 1249 378 Iuppiter
1270 316 1383 378 ipse
1409 299 1579 364 vacesss
1608 318 1614 323 “

197 409 257 450 15
297 409 392 461 est,
421 402 617 451 Phoebi
643 402 849 464 fugiens
872 403 1168 451 Athamana
1192 404 1256 451 ad
1282 404 1435 452 litora
1458 413 1659 467 portus,

370 504 474 552 qua
499 490 641 539 sinus
666 490 843 538 Ioniae
868 504 1129 538 murmura
1154 491 1331 539 condit
1353 505 1535 553 aquae,

296 577 449 626 Actia
471 577 646 626 Iuleae
672 578 886 640 pelagus
912 586 1244 627 monumenta
1269 578 1489 638 carinae,

368 672 639 713 nautarum
662 665 789 713 votis
817 679 924 713 non
951 679 1171 727 operosa
1196 666 1294 713 via.

297 752 397 799 huc
423 752 600 800 mundi
627 752 795 801 coiere
821 767 1032 801 manus:
1076 753 1217 801 stetit
1241 767 1465 815 aequore
1489 753 1654 803 moles

194 846 255 887 20
367 839 549 902 pinea:
592 854 687 888 nec
713 840 866 887 remis
891 853 1060 902 aequa
1083 840 1289 888 favebat
1313 840 1436 887 avis.
1613 833 1622 840 ’

294 928 458 976 altera
482 928 659 977 classis
686 935 795 976 erat
818 928 1021 976 Teucro
1050 929 1293 977 damnata
1321 927 1558 988 Quirin0,

366 1016 575 1079 pilaque
599 1015 822 1064 feminea
846 1016 1064 1079 turpiter
1088 1025 1204 1065 acta
1227 1031 1412 1065 manu:

293 1103 415 1152 hinc
440 1104 682 1165 Augusta
707 1103 832 1152 ratis
859 1104 1027 1166 plenis
1051 1105 1189 1153 Iovis
1218 1104 1389 1153 omine
1413 1103 1537 1151 velis

365 1191 616 1254 signaque
641 1191 746 1239 iam
769 1192 965 1254 patriae
990 1193 1193 1240 vincere
1219 1192 1369 1240 docta
1393 1204 1534 1239 suae.

190 1285 254 1327 25
293 1279 500 1327 tandem
525 1279 660 1327 acies
687 1279 920 1341 geminos
944 1279 1138 1328 Nereus
1164 1280 1369 1327 lunarat
1391 1279 1446 1327 in
1471 1293 1642 1341 arensi,

364 1381 623 1415 armorum
650 1372 698 1415 et
724 1366 877 1415 radiis
903 1367 1043 1430 picta
1066 1368 1315 1416 tremebat
1345 1381 1499 1430 aqua,

293 1468 408 1503 cum
434 1454 679 1505 Phoebus
705 1456 945 1520 linquens
971 1464 1193 1506 stantem
1218 1470 1273 1506 se
1298 1456 1500 1505 vindice
1523 1456 1693 1505 Delon

365 1543 511 1605 (nam
537 1545 655 1592 tulit
678 1545 837 1607 iratos
863 1545 1070 1594 mobilis
1095 1560 1198 1593 una
1224 1544 1402 1608 notos)

294 1631 491 1680 adstitit
513 1632 736 1695 Augusti
762 1634 978 1697 puppim
1002 1648 1158 1696 super
1182 1641 1232 1682 et
1254 1648 1390 1681 nova
1415 1633 1618 1681 flamma

193 1724 254 1767 30
366 1720 499 1768 luxit
523 1721 578 1768 in
605 1722 869 1784 obliquam
894 1730 972 1770 ter
995 1722 1198 1770 sinuata
1224 1722 1406 1770 facem.

294 1821 402 1855 non
427 1807 516 1855 ille
541 1809 785 1857 attulerat
809 1810 976 1858 crines
1002 1811 1058 1858 in
1086 1810 1222 1858 colla
1247 1810 1445 1857 solutos

366 1901 457 1941 aut
481 1894 800 1943 testudineae
826 1911 1032 1944 carmen
1056 1898 1251 1945 inerme
1275 1898 1434 1959 lyrae,

295 1981 383 2029 sed
408 1982 548 2043 quali
573 1981 811 2045 adspexit
832 1983 1119 2046 Pelopeum
1141 1985 1536 2047 Agamemnona
1560 1986 1704 2033 vultu

365 2069 655 2132 egessitque
681 2070 839 2119 avidis
866 2070 1063 2120 Dorica
1089 2080 1258 2121 castra
1281 2073 1441 2136 rogi8‚

191 2164 253 2205 35
293 2164 384 2204 aut
408 2157 575 2220 qualis
603 2158 764 2207 flexos
792 2159 945 2208 solvit
967 2160 1205 2222 Pythona
1231 2175 1322 2223 per
1354 2162 1504 2210 orbes

365 2253 669 2306 serpentem,
699 2246 916 2296 inbelles
944 2263 1099 2310 quem
1122 2249 1333 2298 timuere
1359 2250 1516 2312 lyrae.

291 2345 415 2379 mox
438 2332 510 2380 ait
533 2333 582 2381 ‘o
609 2334 769 2397 longa
791 2336 969 2383 mundi
995 2345 1222 2387 servator
1252 2340 1316 2387 ab
1342 2339 1497 2398 Alba,

364 2418 620 2481 Auguste,
650 2421 915 2470 Hectoreis
942 2424 1150 2486 cognite
1174 2425 1338 2474 maior
1362 2426 1488 2487 avis,

290 2505 437 2554 vince
463 2507 619 2556 mari:
662 2508 766 2556 iam
788 2516 925 2557 terra
950 2519 1041 2558 tua
1066 2520 1161 2560 est.
1238 2513 1331 2562 tibi
1357 2514 1541 2562 militat
1565 2528 1720 2564 arcus

185 2599 248 2639 40
362 2601 413 2642 et
437 2593 574 2644 favet
597 2610 663 2645 ex
687 2597 876 2646 umeris
902 2598 1002 2646 hoc
1031 2614 1163 2647 onus
1191 2615 1343 2650 omne
1360 2602 1513 2651 meis.
