<?xml version="1.0" encoding="UTF-8"?>
<!DOCTYPE html PUBLIC "-//W3C//DTD XHTML 1.0 Transitional//EN"
    "http://www.w3.org/TR/xhtml1/DTD/xhtml1-transitional.dtd">
<html xmlns="http://www.w3.org/1999/xhtml" xml:lang="en" lang="en">
 <head>
  <title>
</title>
<meta http-equiv="Content-Type" content="text/html;charset=utf-8" />
  <meta name='ocr-system' content='tesseract 3.04.00' />
  <meta name='ocr-capabilities' content='ocr_page ocr_carea ocr_par ocr_line ocrx_word'/>
</head>
<body>
  <div class='ocr_page' id='page_1' title='image "./catullitibullip02vahlgoog_0089.png"; bbox 0 0 1942 3000; ppageno 0'>
   <div class='ocr_carea' id='block_1_1' title="bbox 30 778 43 881">
    <p class='ocr_par' dir='ltr' id='par_1_1' title="bbox 30 778 43 881">
     <span class='ocr_line' id='line_1_1' title="bbox 30 778 43 881; baseline 0 0"><span class='ocrx_word' id='word_1_1' title='bbox 30 778 43 881; x_wconf 59' lang='lat' dir='ltr'>h</span> 
     </span>
    </p>
   </div>
   <div class='ocr_carea' id='block_1_2' title="bbox 812 163 1659 214">
    <p class='ocr_par' dir='ltr' id='par_1_2' title="bbox 812 163 1659 214">
     <span class='ocr_line' id='line_1_2' title="bbox 812 163 1659 214; baseline 0.011 -9"><span class='ocrx_word' id='word_1_2' title='bbox 812 168 1004 206; x_wconf 68' lang='lat' dir='ltr'><strong>ertu.</strong></span> <span class='ocrx_word' id='word_1_3' title='bbox 1588 163 1659 214; x_wconf 77' lang='lat'><strong>79</strong></span> 
     </span>
    </p>
   </div>
   <div class='ocr_carea' id='block_1_3' title="bbox 57 324 1595 1880">
    <p class='ocr_par' dir='ltr' id='par_1_3' title="bbox 57 324 1595 1880">
     <span class='ocr_line' id='line_1_3' title="bbox 150 324 1469 388; baseline -0.001 -15"><span class='ocrx_word' id='word_1_4' title='bbox 150 325 236 373; x_wconf 87' lang='lat' dir='ltr'><strong>hei</strong></span> <span class='ocrx_word' id='word_1_5' title='bbox 264 325 456 373; x_wconf 84' lang='lat' dir='ltr'><strong>misero</strong></span> <span class='ocrx_word' id='word_1_6' title='bbox 482 324 625 372; x_wconf 84' lang='lat' dir='ltr'><strong>fratri</strong></span> <span class='ocrx_word' id='word_1_7' title='bbox 650 324 934 372; x_wconf 86' lang='lat' dir='ltr'><strong>iucundum</strong></span> <span class='ocrx_word' id='word_1_8' title='bbox 959 324 1133 373; x_wconf 87' lang='lat' dir='ltr'><strong>lumen</strong></span> <span class='ocrx_word' id='word_1_9' title='bbox 1160 325 1469 388; x_wconf 84' lang='lat' dir='ltr'><strong>ademptum,</strong></span> 
     </span>
     <span class='ocr_line' id='line_1_4' title="bbox 227 406 1557 476; baseline -0.001 -14"><span class='ocrx_word' id='word_1_10' title='bbox 227 428 512 475; x_wconf 81' lang='lat' dir='ltr'><strong>numquam</strong></span> <span class='ocrx_word' id='word_1_11' title='bbox 538 427 634 475; x_wconf 88' lang='lat' dir='ltr'><strong>ego</strong></span> <span class='ocrx_word' id='word_1_12' title='bbox 662 421 729 471; x_wconf 92' lang='lat' dir='ltr'><strong>te,</strong></span> <span class='ocrx_word' id='word_1_13' title='bbox 759 412 948 461; x_wconf 89' lang='lat' dir='ltr'><strong>misero</strong></span> <span class='ocrx_word' id='word_1_14' title='bbox 973 406 1132 461; x_wconf 85' lang='lat' dir='ltr'><strong>frater</strong></span> <span class='ocrx_word' id='word_1_15' title='bbox 1155 413 1390 476; x_wconf 82' lang='lat' dir='ltr'><strong>adempte</strong></span> <span class='ocrx_word' id='word_1_16' title='bbox 1413 413 1557 473; x_wconf 88' lang='lat' dir='ltr'><strong>mihi,</strong></span> 
     </span>
     <span class='ocr_line' id='line_1_5' title="bbox 92 501 1595 565; baseline -0.001 -13"><span class='ocrx_word' id='word_1_17' title='bbox 92 512 115 552; x_wconf 83' lang='grc'><strong>9</strong></span> <span class='ocrx_word' id='word_1_18' title='bbox 156 503 430 565; x_wconf 86' lang='lat' dir='ltr'><strong>adloquar,</strong></span> <span class='ocrx_word' id='word_1_19' title='bbox 460 501 670 550; x_wconf 75' lang='lat' dir='ltr'>audiero</span> <span class='ocrx_word' id='word_1_20' title='bbox 697 516 978 564; x_wconf 90' lang='lat' dir='ltr'><strong>numquam</strong></span> <span class='ocrx_word' id='word_1_21' title='bbox 1004 512 1092 549; x_wconf 90' lang='lat' dir='ltr'><strong>tua</strong></span> <span class='ocrx_word' id='word_1_22' title='bbox 1117 502 1255 550; x_wconf 84' lang='lat' dir='ltr'><strong>facta</strong></span> <span class='ocrx_word' id='word_1_23' title='bbox 1277 503 1595 564; x_wconf 85' lang='lat' dir='ltr'><strong>loquentem,</strong></span> 
     </span>
     <span class='ocr_line' id='line_1_6' title="bbox 229 590 1366 653; baseline 0 -14"><span class='ocrx_word' id='word_1_24' title='bbox 229 606 512 653; x_wconf 76' lang='lat' dir='ltr'><strong>numquam</strong></span> <span class='ocrx_word' id='word_1_25' title='bbox 538 604 634 652; x_wconf 87' lang='lat' dir='ltr'><strong>ego</strong></span> <span class='ocrx_word' id='word_1_26' title='bbox 661 598 728 649; x_wconf 89' lang='lat' dir='ltr'><strong>te,</strong></span> <span class='ocrx_word' id='word_1_27' title='bbox 767 590 871 637; x_wconf 86' lang='lat' dir='ltr'><strong>vita</strong></span> <span class='ocrx_word' id='word_1_28' title='bbox 896 590 1053 638; x_wconf 85' lang='lat' dir='ltr'><strong>frater</strong></span> <span class='ocrx_word' id='word_1_29' title='bbox 1077 590 1366 649; x_wconf 78' lang='lat' dir='ltr'><strong>amabilior,</strong></span> 
     </span>
     <span class='ocr_line' id='line_1_7' title="bbox 155 679 1441 742; baseline -0.001 -15"><span class='ocrx_word' id='word_1_30' title='bbox 155 679 441 742; x_wconf 79' lang='lat' dir='ltr'><strong>adspiciam</strong></span> <span class='ocrx_word' id='word_1_31' title='bbox 465 679 698 742; x_wconf 84' lang='lat' dir='ltr'><strong>posthac.</strong></span> <span class='ocrx_word' id='word_1_32' title='bbox 744 695 749 699; x_wconf 92' lang='lat'>·</span> <span class='ocrx_word' id='word_1_33' title='bbox 777 687 830 726; x_wconf 89' lang='lat' dir='ltr'><strong>at</strong></span> <span class='ocrx_word' id='word_1_34' title='bbox 855 687 991 727; x_wconf 85' lang='lat' dir='ltr'><strong>certe</strong></span> <span class='ocrx_word' id='word_1_35' title='bbox 1017 693 1217 741; x_wconf 79' lang='lat' dir='ltr'><strong>semper</strong></span> <span class='ocrx_word' id='word_1_36' title='bbox 1240 680 1441 738; x_wconf 86' lang='lat' dir='ltr'><strong>amabo,</strong></span> 
     </span>
     <span class='ocr_line' id='line_1_8' title="bbox 229 767 1435 830; baseline -0.001 -14"><span class='ocrx_word' id='word_1_37' title='bbox 229 782 435 830; x_wconf 83' lang='lat' dir='ltr'><strong>semper</strong></span> <span class='ocrx_word' id='word_1_38' title='bbox 456 777 654 816; x_wconf 84' lang='lat' dir='ltr'><strong>maesta</strong></span> <span class='ocrx_word' id='word_1_39' title='bbox 677 776 766 815; x_wconf 85' lang='lat' dir='ltr'><strong>tua</strong></span> <span class='ocrx_word' id='word_1_40' title='bbox 790 767 1021 815; x_wconf 88' lang='lat' dir='ltr'><strong>carmina</strong></span> <span class='ocrx_word' id='word_1_41' title='bbox 1044 774 1207 815; x_wconf 89' lang='lat' dir='ltr'><strong>morte</strong></span> <span class='ocrx_word' id='word_1_42' title='bbox 1233 782 1435 827; x_wconf 85' lang='lat' dir='ltr'><strong>canam,</strong></span> 
     </span>
     <span class='ocr_line' id='line_1_9' title="bbox 157 855 1414 919; baseline -0.002 -15"><span class='ocrx_word' id='word_1_43' title='bbox 157 857 336 919; x_wconf 87' lang='lat' dir='ltr'><strong>qualia</strong></span> <span class='ocrx_word' id='word_1_44' title='bbox 362 857 457 904; x_wconf 87' lang='lat' dir='ltr'><strong>sub</strong></span> <span class='ocrx_word' id='word_1_45' title='bbox 483 856 653 904; x_wconf 82' lang='lat' dir='ltr'><strong>densis</strong></span> <span class='ocrx_word' id='word_1_46' title='bbox 681 871 936 904; x_wconf 86' lang='lat' dir='ltr'><strong>ramorum</strong></span> <span class='ocrx_word' id='word_1_47' title='bbox 965 856 1196 904; x_wconf 88' lang='lat' dir='ltr'><strong>concinit</strong></span> <span class='ocrx_word' id='word_1_48' title='bbox 1220 855 1414 904; x_wconf 86' lang='lat' dir='ltr'><strong>umbris</strong></span> 
     </span>
     <span class='ocr_line' id='line_1_10' title="bbox 228 943 1283 1007; baseline -0.001 -15"><span class='ocrx_word' id='word_1_49' title='bbox 228 945 444 992; x_wconf 81' lang='lat' dir='ltr'><strong>Daulias</strong></span> <span class='ocrx_word' id='word_1_50' title='bbox 472 945 730 1007; x_wconf 80' lang='lat' dir='ltr'><strong>absumpti</strong></span> <span class='ocrx_word' id='word_1_51' title='bbox 755 944 859 992; x_wconf 89' lang='lat' dir='ltr'><strong>fata</strong></span> <span class='ocrx_word' id='word_1_52' title='bbox 885 958 1096 1006; x_wconf 84' lang='lat' dir='ltr'><strong>gemens</strong></span> <span class='ocrx_word' id='word_1_53' title='bbox 1122 943 1283 1007; x_wconf 74' lang='lat' dir='ltr'><strong>Ityli),</strong></span> 
     </span>
     <span class='ocr_line' id='line_1_11' title="bbox 64 1030 1483 1092; baseline -0.001 -11"><span class='ocrx_word' id='word_1_54' title='bbox 64 1043 114 1082; x_wconf 84' lang='lat'><strong>15</strong></span> <span class='ocrx_word' id='word_1_55' title='bbox 155 1035 248 1082; x_wconf 84' lang='lat' dir='ltr'><strong>sed</strong></span> <span class='ocrx_word' id='word_1_56' title='bbox 275 1045 447 1081; x_wconf 85' lang='lat' dir='ltr'><strong>tamen</strong></span> <span class='ocrx_word' id='word_1_57' title='bbox 471 1032 527 1080; x_wconf 85' lang='lat' dir='ltr'><strong>in</strong></span> <span class='ocrx_word' id='word_1_58' title='bbox 553 1033 707 1081; x_wconf 84' lang='lat' dir='ltr'><strong>tantis</strong></span> <span class='ocrx_word' id='word_1_59' title='bbox 733 1033 1070 1092; x_wconf 87' lang='lat' dir='ltr'><strong>maeroribus,</strong></span> <span class='ocrx_word' id='word_1_60' title='bbox 1104 1030 1299 1092; x_wconf 87' lang='lat' dir='ltr'><strong>Ortale,</strong></span> <span class='ocrx_word' id='word_1_61' title='bbox 1334 1032 1483 1080; x_wconf 90' lang='lat' dir='ltr'><strong>mitto</strong></span> 
     </span>
     <span class='ocr_line' id='line_1_12' title="bbox 230 1121 1310 1184; baseline -0.001 -14"><span class='ocrx_word' id='word_1_62' title='bbox 230 1123 358 1170; x_wconf 87' lang='lat' dir='ltr'><strong>haec</strong></span> <span class='ocrx_word' id='word_1_63' title='bbox 385 1135 629 1184; x_wconf 83' lang='lat' dir='ltr'><strong>expressa</strong></span> <span class='ocrx_word' id='word_1_64' title='bbox 652 1122 745 1170; x_wconf 87' lang='lat' dir='ltr'><strong>tibi</strong></span> <span class='ocrx_word' id='word_1_65' title='bbox 772 1121 1000 1170; x_wconf 83' lang='lat' dir='ltr'><strong>carmina</strong></span> <span class='ocrx_word' id='word_1_66' title='bbox 1024 1121 1310 1180; x_wconf 83' lang='lat' dir='ltr'><strong>Battiadae,</strong></span> 
     </span>
     <span class='ocr_line' id='line_1_13' title="bbox 155 1209 1409 1272; baseline -0.001 -14"><span class='ocrx_word' id='word_1_67' title='bbox 155 1226 223 1259; x_wconf 89' lang='lat' dir='ltr'><strong>ne</strong></span> <span class='ocrx_word' id='word_1_68' title='bbox 250 1223 340 1258; x_wconf 84' lang='lat' dir='ltr'><strong>tua</strong></span> <span class='ocrx_word' id='word_1_69' title='bbox 367 1210 503 1258; x_wconf 89' lang='lat' dir='ltr'><strong>dieta</strong></span> <span class='ocrx_word' id='word_1_70' title='bbox 527 1211 667 1272; x_wconf 78' lang='lat' dir='ltr'><strong>vagis</strong></span> <span class='ocrx_word' id='word_1_71' title='bbox 693 1210 1007 1272; x_wconf 85' lang='lat' dir='ltr'><strong>nequiquam</strong></span> <span class='ocrx_word' id='word_1_72' title='bbox 1032 1209 1223 1258; x_wconf 90' lang='lat' dir='ltr'><strong>credita</strong></span> <span class='ocrx_word' id='word_1_73' title='bbox 1248 1210 1409 1258; x_wconf 85' lang='lat' dir='ltr'><strong>ventis</strong></span> 
     </span>
     <span class='ocr_line' id='line_1_14' title="bbox 231 1298 1182 1361; baseline -0.002 -14"><span class='ocrx_word' id='word_1_74' title='bbox 231 1298 493 1347; x_wconf 81' lang='lat' dir='ltr'><strong>effluxisse</strong></span> <span class='ocrx_word' id='word_1_75' title='bbox 518 1314 632 1347; x_wconf 86' lang='lat' dir='ltr'><strong>meo</strong></span> <span class='ocrx_word' id='word_1_76' title='bbox 658 1299 791 1349; x_wconf 83' lang='lat' dir='ltr'><strong>forte</strong></span> <span class='ocrx_word' id='word_1_77' title='bbox 817 1306 964 1361; x_wconf 84' lang='lat' dir='ltr'><strong>putes</strong></span> <span class='ocrx_word' id='word_1_78' title='bbox 990 1298 1182 1357; x_wconf 86' lang='lat' dir='ltr'><strong>anim0‚</strong></span> 
     </span>
     <span class='ocr_line' id='line_1_15' title="bbox 156 1386 1325 1451; baseline -0.002 -15"><span class='ocrx_word' id='word_1_79' title='bbox 156 1397 215 1437; x_wconf 91' lang='lat' dir='ltr'><strong>ut</strong></span> <span class='ocrx_word' id='word_1_80' title='bbox 240 1388 454 1435; x_wconf 83' lang='lat' dir='ltr'><strong>missum</strong></span> <span class='ocrx_word' id='word_1_81' title='bbox 479 1388 655 1451; x_wconf 83' lang='lat' dir='ltr'><strong>sponsi</strong></span> <span class='ocrx_word' id='word_1_82' title='bbox 681 1387 867 1435; x_wconf 83' lang='lat' dir='ltr'><strong>furtivo</strong></span> <span class='ocrx_word' id='word_1_83' title='bbox 894 1401 1107 1435; x_wconf 87' lang='lat' dir='ltr'><strong>munere</strong></span> <span class='ocrx_word' id='word_1_84' title='bbox 1130 1386 1325 1435; x_wconf 87' lang='lat' dir='ltr'><strong>malum</strong></span> 
     </span>
     <span class='ocr_line' id='line_1_16' title="bbox 57 1475 1180 1543; baseline -0.003 -17"><span class='ocrx_word' id='word_1_85' title='bbox 57 1485 113 1526; x_wconf 79' lang='lat'><strong>20</strong></span> <span class='ocrx_word' id='word_1_86' title='bbox 232 1476 486 1540; x_wconf 78' lang='lat' dir='ltr'><strong>procurrit</strong></span> <span class='ocrx_word' id='word_1_87' title='bbox 511 1484 652 1525; x_wconf 81' lang='lat' dir='ltr'><strong>casto</strong></span> <span class='ocrx_word' id='word_1_88' title='bbox 679 1476 888 1543; x_wconf 82' lang='lat' dir='ltr'><strong>virginis</strong></span> <span class='ocrx_word' id='word_1_89' title='bbox 915 1490 943 1524; x_wconf 95' lang='lat' dir='ltr'><strong>e</strong></span> <span class='ocrx_word' id='word_1_90' title='bbox 968 1475 1180 1538; x_wconf 81' lang='lat' dir='ltr'><strong>gremiO,</strong></span> 
     </span>
     <span class='ocr_line' id='line_1_17' title="bbox 155 1564 1487 1629; baseline -0.002 -16"><span class='ocrx_word' id='word_1_91' title='bbox 155 1566 301 1629; x_wconf 88' lang='lat' dir='ltr'><strong>quod</strong></span> <span class='ocrx_word' id='word_1_92' title='bbox 325 1566 541 1614; x_wconf 84' lang='lat' dir='ltr'><strong>miserae</strong></span> <span class='ocrx_word' id='word_1_93' title='bbox 567 1566 758 1614; x_wconf 87' lang='lat' dir='ltr'><strong>oblitae</strong></span> <span class='ocrx_word' id='word_1_94' title='bbox 784 1565 928 1613; x_wconf 85' lang='lat' dir='ltr'><strong>molli</strong></span> <span class='ocrx_word' id='word_1_95' title='bbox 956 1564 1052 1612; x_wconf 85' lang='lat' dir='ltr'><strong>sub</strong></span> <span class='ocrx_word' id='word_1_96' title='bbox 1079 1571 1216 1612; x_wconf 84' lang='lat' dir='ltr'><strong>veste</strong></span> <span class='ocrx_word' id='word_1_97' title='bbox 1243 1564 1487 1620; x_wconf 90' lang='lat' dir='ltr'><strong>locatum,</strong></span> 
     </span>
     <span class='ocr_line' id='line_1_18' title="bbox 235 1652 1367 1716; baseline -0.003 -14"><span class='ocrx_word' id='word_1_98' title='bbox 235 1655 358 1702; x_wconf 88' lang='lat' dir='ltr'><strong>dum</strong></span> <span class='ocrx_word' id='word_1_99' title='bbox 383 1655 604 1702; x_wconf 87' lang='lat' dir='ltr'><strong>adventu</strong></span> <span class='ocrx_word' id='word_1_100' title='bbox 625 1654 801 1702; x_wconf 85' lang='lat' dir='ltr'><strong>matris</strong></span> <span class='ocrx_word' id='word_1_101' title='bbox 828 1653 1048 1716; x_wconf 85' lang='lat' dir='ltr'><strong>prosilit,</strong></span> <span class='ocrx_word' id='word_1_102' title='bbox 1082 1652 1367 1700; x_wconf 80' lang='lat' dir='ltr'><strong>excutitur:</strong></span> 
     </span>
     <span class='ocr_line' id='line_1_19' title="bbox 158 1742 1389 1805; baseline -0.002 -15"><span class='ocrx_word' id='word_1_103' title='bbox 158 1752 317 1805; x_wconf 84' lang='lat' dir='ltr'><strong>atque</strong></span> <span class='ocrx_word' id='word_1_104' title='bbox 340 1742 469 1791; x_wconf 85' lang='lat' dir='ltr'><strong>illud</strong></span> <span class='ocrx_word' id='word_1_105' title='bbox 496 1758 661 1805; x_wconf 83' lang='lat' dir='ltr'><strong>prono</strong></span> <span class='ocrx_word' id='word_1_106' title='bbox 689 1756 932 1805; x_wconf 77' lang='lat' dir='ltr'><strong>praeceps</strong></span> <span class='ocrx_word' id='word_1_107' title='bbox 959 1742 1129 1804; x_wconf 82' lang='lat' dir='ltr'><strong>agitur</strong></span> <span class='ocrx_word' id='word_1_108' title='bbox 1154 1742 1389 1798; x_wconf 83' lang='lat' dir='ltr'><strong>decursu,</strong></span> 
     </span>
     <span class='ocr_line' id='line_1_20' title="bbox 234 1830 1288 1880; baseline -0.002 -1"><span class='ocrx_word' id='word_1_109' title='bbox 234 1831 353 1879; x_wconf 89' lang='lat' dir='ltr'><strong>huic</strong></span> <span class='ocrx_word' id='word_1_110' title='bbox 378 1839 554 1879; x_wconf 89' lang='lat' dir='ltr'><strong>manat</strong></span> <span class='ocrx_word' id='word_1_111' title='bbox 578 1831 707 1879; x_wconf 86' lang='lat' dir='ltr'><strong>tristi</strong></span> <span class='ocrx_word' id='word_1_112' title='bbox 734 1830 971 1880; x_wconf 86' lang='lat' dir='ltr'><strong>conscius</strong></span> <span class='ocrx_word' id='word_1_113' title='bbox 1000 1844 1091 1878; x_wconf 85' lang='lat' dir='ltr'><strong>ore</strong></span> <span class='ocrx_word' id='word_1_114' title='bbox 1115 1831 1288 1878; x_wconf 87' lang='lat' dir='ltr'><strong>rubor.</strong></span> 
     </span>
    </p>
   </div>
   <div class='ocr_carea' id='block_1_4' title="bbox 836 2201 972 2249">
    <p class='ocr_par' dir='ltr' id='par_1_4' title="bbox 836 2201 972 2249">
     <span class='ocr_line' id='line_1_21' title="bbox 836 2201 972 2249; baseline -0.007 -1"><span class='ocrx_word' id='word_1_115' title='bbox 836 2201 972 2249; x_wconf 84' lang='lat' dir='ltr'><strong>LVI.</strong></span> 
     </span>
    </p>
   </div>
   <div class='ocr_carea' id='block_1_5' title="bbox 157 2361 1449 2689">
    <p class='ocr_par' dir='ltr' id='par_1_5' title="bbox 157 2361 1449 2689">
     <span class='ocr_line' id='line_1_22' title="bbox 159 2361 1353 2423; baseline -0.002 -14"><span class='ocrx_word' id='word_1_116' title='bbox 159 2361 352 2409; x_wconf 88' lang='lat' dir='ltr'><strong>Omnia</strong></span> <span class='ocrx_word' id='word_1_117' title='bbox 376 2361 465 2423; x_wconf 90' lang='lat' dir='ltr'><strong>qui</strong></span> <span class='ocrx_word' id='word_1_118' title='bbox 492 2361 665 2423; x_wconf 79' lang='lat' dir='ltr'><strong>magni</strong></span> <span class='ocrx_word' id='word_1_119' title='bbox 691 2361 913 2423; x_wconf 82' lang='lat' dir='ltr'><strong>dispexit</strong></span> <span class='ocrx_word' id='word_1_120' title='bbox 937 2361 1134 2409; x_wconf 87' lang='lat' dir='ltr'><strong>lumina</strong></span> <span class='ocrx_word' id='word_1_121' title='bbox 1157 2361 1353 2419; x_wconf 86' lang='lat' dir='ltr'><strong>mundi,</strong></span> 
     </span>
     <span class='ocr_line' id='line_1_23' title="bbox 231 2449 1449 2513; baseline -0.001 -16"><span class='ocrx_word' id='word_1_122' title='bbox 231 2450 320 2511; x_wconf 89' lang='lat' dir='ltr'><strong>qui</strong></span> <span class='ocrx_word' id='word_1_123' title='bbox 346 2449 609 2498; x_wconf 80' lang='lat' dir='ltr'><strong>stellarum</strong></span> <span class='ocrx_word' id='word_1_124' title='bbox 635 2458 775 2498; x_wconf 74' lang='lat' dir='ltr'><strong>ortus</strong></span> <span class='ocrx_word' id='word_1_125' title='bbox 805 2450 1056 2513; x_wconf 88' lang='lat' dir='ltr'><strong>comperit</strong></span> <span class='ocrx_word' id='word_1_126' title='bbox 1080 2457 1236 2512; x_wconf 86' lang='lat' dir='ltr'><strong>atque</strong></span> <span class='ocrx_word' id='word_1_127' title='bbox 1261 2449 1449 2507; x_wconf 80' lang='lat' dir='ltr'><strong>obituS‚</strong></span> 
     </span>
     <span class='ocr_line' id='line_1_24' title="bbox 157 2538 1351 2600; baseline -0.002 -14"><span class='ocrx_word' id='word_1_128' title='bbox 157 2540 423 2588; x_wconf 81' lang='lat' dir='ltr'><strong>flammeus</strong></span> <span class='ocrx_word' id='word_1_129' title='bbox 451 2546 515 2586; x_wconf 70' lang='lat' dir='ltr'><strong>ut,</strong></span> <span class='ocrx_word' id='word_1_130' title='bbox 528 2538 693 2600; x_wconf 79' lang='lat' dir='ltr'><strong>rapidi</strong></span> <span class='ocrx_word' id='word_1_131' title='bbox 719 2538 846 2585; x_wconf 81' lang='lat' dir='ltr'><strong>solis</strong></span> <span class='ocrx_word' id='word_1_132' title='bbox 872 2538 1010 2586; x_wconf 81' lang='lat' dir='ltr'><strong>nitor</strong></span> <span class='ocrx_word' id='word_1_133' title='bbox 1033 2539 1351 2596; x_wconf 74' lang='lat' dir='ltr'><strong>ohscuremr,</strong></span> 
     </span>
     <span class='ocr_line' id='line_1_25' title="bbox 232 2625 1228 2689; baseline 0.004 -17"><span class='ocrx_word' id='word_1_134' title='bbox 232 2633 288 2673; x_wconf 91' lang='lat' dir='ltr'><strong>ut</strong></span> <span class='ocrx_word' id='word_1_135' title='bbox 312 2625 511 2676; x_wconf 70' lang='lat' dir='ltr'><strong>cedant,</strong></span> <span class='ocrx_word' id='word_1_136' title='bbox 525 2626 681 2689; x_wconf 58' lang='lat' dir='ltr'><strong>certis</strong></span> <span class='ocrx_word' id='word_1_137' title='bbox 700 2626 868 2675; x_wconf 83' lang='lat' dir='ltr'><strong>sidera</strong></span> <span class='ocrx_word' id='word_1_138' title='bbox 892 2627 1228 2688; x_wconf 68' lang='lat' dir='ltr'><strong>temporibuS,</strong></span> 
     </span>
    </p>
   </div>
  </div>
 </body>
</html>
