<?xml version="1.0" encoding="UTF-8"?>
<!DOCTYPE html PUBLIC "-//W3C//DTD XHTML 1.0 Transitional//EN"
    "http://www.w3.org/TR/xhtml1/DTD/xhtml1-transitional.dtd">
<html xmlns="http://www.w3.org/1999/xhtml" xml:lang="en" lang="en">
 <head>
  <title>
</title>
<meta http-equiv="Content-Type" content="text/html;charset=utf-8" />
  <meta name='ocr-system' content='tesseract 3.04.00' />
  <meta name='ocr-capabilities' content='ocr_page ocr_carea ocr_par ocr_line ocrx_word'/>
</head>
<body>
  <div class='ocr_page' id='page_1' title='image "./catullitibullip02vahlgoog_0202.png"; bbox 0 0 1942 3000; ppageno 0'>
   <div class='ocr_carea' id='block_1_1' title="bbox 298 143 1162 195">
    <p class='ocr_par' dir='ltr' id='par_1_1' title="bbox 298 143 1162 195">
     <span class='ocr_line' id='line_1_1' title="bbox 298 143 1162 195; baseline -0.014 0"><span class='ocrx_word' id='word_1_1' title='bbox 298 143 403 195; x_wconf 79' lang='lat'>192</span> <span class='ocrx_word' id='word_1_2' title='bbox 919 147 1162 185; x_wconf 64' lang='lat' dir='ltr'>‘runnu</span> 
     </span>
    </p>
   </div>
   <div class='ocr_carea' id='block_1_2' title="bbox 182 303 1622 1237">
    <p class='ocr_par' dir='ltr' id='par_1_2' title="bbox 182 303 1622 1237">
     <span class='ocr_line' id='line_1_2' title="bbox 193 303 1424 366; baseline 0.001 -15"><span class='ocrx_word' id='word_1_3' title='bbox 193 311 252 352; x_wconf 87' lang='lat'>10</span> <span class='ocrx_word' id='word_1_4' title='bbox 363 304 548 352; x_wconf 85' lang='lat' dir='ltr'>servire</span> <span class='ocrx_word' id='word_1_5' title='bbox 572 311 661 351; x_wconf 84' lang='lat' dir='ltr'>aut</span> <span class='ocrx_word' id='word_1_6' title='bbox 685 303 925 366; x_wconf 80' lang='lat' dir='ltr'><strong>cuiquam</strong></span> <span class='ocrx_word' id='word_1_7' title='bbox 950 303 1153 366; x_wconf 87' lang='lat' dir='ltr'>dignior</span> <span class='ocrx_word' id='word_1_8' title='bbox 1178 304 1272 352; x_wconf 83' lang='lat' dir='ltr'>illa</span> <span class='ocrx_word' id='word_1_9' title='bbox 1295 304 1424 352; x_wconf 84' lang='lat' dir='ltr'>viro.</span> 
     </span>
     <span class='ocr_line' id='line_1_3' title="bbox 291 391 1622 455; baseline -0.001 -14"><span class='ocrx_word' id='word_1_10' title='bbox 291 406 387 441; x_wconf 89' lang='lat' dir='ltr'>nec</span> <span class='ocrx_word' id='word_1_11' title='bbox 413 392 578 454; x_wconf 84' lang='lat' dir='ltr'><strong>possit</strong></span> <span class='ocrx_word' id='word_1_12' title='bbox 601 391 815 454; x_wconf 85' lang='lat' dir='ltr'>cupidos</span> <span class='ocrx_word' id='word_1_13' title='bbox 841 391 1062 454; x_wconf 84' lang='lat' dir='ltr'>vigilans</span> <span class='ocrx_word' id='word_1_14' title='bbox 1086 392 1402 455; x_wconf 82' lang='lat' dir='ltr'>deprendere</span> <span class='ocrx_word' id='word_1_15' title='bbox 1429 399 1622 451; x_wconf 74' lang='lat' dir='ltr'>cust08‚</span> 
     </span>
     <span class='ocr_line' id='line_1_4' title="bbox 363 480 1460 542; baseline 0.001 -15"><span class='ocrx_word' id='word_1_16' title='bbox 363 480 682 542; x_wconf 84' lang='lat' dir='ltr'>fallendique</span> <span class='ocrx_word' id='word_1_17' title='bbox 708 480 812 528; x_wconf 82' lang='lat' dir='ltr'>vias</span> <span class='ocrx_word' id='word_1_18' title='bbox 839 480 981 528; x_wconf 90' lang='lat' dir='ltr'>mille</span> <span class='ocrx_word' id='word_1_19' title='bbox 1004 480 1260 528; x_wconf 83' lang='lat' dir='ltr'>ministret</span> <span class='ocrx_word' id='word_1_20' title='bbox 1282 481 1460 528; x_wconf 89' lang='lat' dir='ltr'>Amor.</span> 
     </span>
     <span class='ocr_line' id='line_1_5' title="bbox 291 568 1469 632; baseline 0.002 -16"><span class='ocrx_word' id='word_1_21' title='bbox 291 568 460 616; x_wconf 83' lang='lat' dir='ltr'>adnue</span> <span class='ocrx_word' id='word_1_22' title='bbox 487 582 847 631; x_wconf 81' lang='lat' dir='ltr'>purpureaque</span> <span class='ocrx_word' id='word_1_23' title='bbox 871 569 984 616; x_wconf 83' lang='lat' dir='ltr'>veni</span> <span class='ocrx_word' id='word_1_24' title='bbox 1012 569 1276 631; x_wconf 79' lang='lat' dir='ltr'>perlucida</span> <span class='ocrx_word' id='word_1_25' title='bbox 1301 570 1469 632; x_wconf 83' lang='lat' dir='ltr'><strong>palla:</strong></span> 
     </span>
     <span class='ocr_line' id='line_1_6' title="bbox 363 656 1412 717; baseline 0.001 -14"><span class='ocrx_word' id='word_1_26' title='bbox 363 665 439 704; x_wconf 87' lang='lat' dir='ltr'>ter</span> <span class='ocrx_word' id='word_1_27' title='bbox 464 656 553 704; x_wconf 81' lang='lat' dir='ltr'><strong>tibi</strong></span> <span class='ocrx_word' id='word_1_28' title='bbox 582 658 637 705; x_wconf 82' lang='lat' dir='ltr'>fit</span> <span class='ocrx_word' id='word_1_29' title='bbox 661 657 784 717; x_wconf 84' lang='lat' dir='ltr'>libo,</span> <span class='ocrx_word' id='word_1_30' title='bbox 816 665 907 716; x_wconf 85' lang='lat' dir='ltr'>ter,</span> <span class='ocrx_word' id='word_1_31' title='bbox 941 657 1037 704; x_wconf 84' lang='lat' dir='ltr'>dea</span> <span class='ocrx_word' id='word_1_32' title='bbox 1062 664 1219 716; x_wconf 81' lang='lat' dir='ltr'>casta,</span> <span class='ocrx_word' id='word_1_33' title='bbox 1252 671 1412 705; x_wconf 88' lang='lat' dir='ltr'>mer0.</span> 
     </span>
     <span class='ocr_line' id='line_1_7' title="bbox 192 745 1550 808; baseline 0.001 -15"><span class='ocrx_word' id='word_1_34' title='bbox 192 753 252 795; x_wconf 79' lang='lat'>15</span> <span class='ocrx_word' id='word_1_35' title='bbox 291 745 571 808; x_wconf 80' lang='lat' dir='ltr'>praecipiat</span> <span class='ocrx_word' id='word_1_36' title='bbox 594 751 746 793; x_wconf 78' lang='lat' dir='ltr'>natae</span> <span class='ocrx_word' id='word_1_37' title='bbox 769 752 932 793; x_wconf 80' lang='lat' dir='ltr'>mater</span> <span class='ocrx_word' id='word_1_38' title='bbox 959 745 1189 794; x_wconf 71' lang='lat' dir='ltr'>studiosa</span> <span class='ocrx_word' id='word_1_39' title='bbox 1215 746 1353 808; x_wconf 93' lang='lat' dir='ltr'>quod</span> <span class='ocrx_word' id='word_1_40' title='bbox 1380 752 1550 808; x_wconf 82' lang='lat' dir='ltr'>optet:</span> 
     </span>
     <span class='ocr_line' id='line_1_8' title="bbox 356 833 1469 897; baseline 0 -16"><span class='ocrx_word' id='word_1_41' title='bbox 356 834 448 881; x_wconf 84' lang='lat' dir='ltr'><strong>illa</strong></span> <span class='ocrx_word' id='word_1_42' title='bbox 472 834 611 881; x_wconf 84' lang='lat' dir='ltr'>aliud</span> <span class='ocrx_word' id='word_1_43' title='bbox 638 833 809 892; x_wconf 79' lang='lat' dir='ltr'>tacita,</span> <span class='ocrx_word' id='word_1_44' title='bbox 839 834 943 881; x_wconf 86' lang='lat' dir='ltr'>iam</span> <span class='ocrx_word' id='word_1_45' title='bbox 967 849 1079 894; x_wconf 82' lang='lat' dir='ltr'><strong>sua,</strong></span> <span class='ocrx_word' id='word_1_46' title='bbox 1110 842 1279 882; x_wconf 82' lang='lat' dir='ltr'>mente</span> <span class='ocrx_word' id='word_1_47' title='bbox 1304 842 1469 897; x_wconf 84' lang='lat' dir='ltr'>rogat.</span> 
     </span>
     <span class='ocr_line' id='line_1_9' title="bbox 292 921 1437 982; baseline 0.001 -12"><span class='ocrx_word' id='word_1_48' title='bbox 292 922 470 982; x_wconf 80' lang='lat' dir='ltr'>uritur,</span> <span class='ocrx_word' id='word_1_49' title='bbox 500 930 558 969; x_wconf 84' lang='lat' dir='ltr'>ut</span> <span class='ocrx_word' id='word_1_50' title='bbox 582 921 772 970; x_wconf 81' lang='lat' dir='ltr'>celeres</span> <span class='ocrx_word' id='word_1_51' title='bbox 800 929 955 970; x_wconf 82' lang='lat' dir='ltr'>urunt</span> <span class='ocrx_word' id='word_1_52' title='bbox 979 922 1163 970; x_wconf 82' lang='lat' dir='ltr'>altaria</span> <span class='ocrx_word' id='word_1_53' title='bbox 1187 923 1437 979; x_wconf 79' lang='lat' dir='ltr'>flammae,</span> 
     </span>
     <span class='ocr_line' id='line_1_10' title="bbox 363 1010 1437 1071; baseline 0 -13"><span class='ocrx_word' id='word_1_54' title='bbox 363 1024 474 1068; x_wconf 87' lang='lat' dir='ltr'>nec,</span> <span class='ocrx_word' id='word_1_55' title='bbox 507 1010 659 1057; x_wconf 77' lang='lat' dir='ltr'>liceat</span> <span class='ocrx_word' id='word_1_56' title='bbox 683 1010 931 1071; x_wconf 83' lang='lat' dir='ltr'>quamvis,</span> <span class='ocrx_word' id='word_1_57' title='bbox 962 1026 1090 1059; x_wconf 81' lang='lat' dir='ltr'>sana</span> <span class='ocrx_word' id='word_1_58' title='bbox 1113 1010 1274 1059; x_wconf 83' lang='lat' dir='ltr'>fuisse</span> <span class='ocrx_word' id='word_1_59' title='bbox 1298 1011 1437 1071; x_wconf 84' lang='lat' dir='ltr'>velit,</span> 
     </span>
     <span class='ocr_line' id='line_1_11' title="bbox 290 1098 1585 1161; baseline 0.002 -15"><span class='ocrx_word' id='word_1_60' title='bbox 290 1098 352 1157; x_wconf 84' lang='lat' dir='ltr'>si,</span> <span class='ocrx_word' id='word_1_61' title='bbox 382 1098 552 1148; x_wconf 84' lang='lat' dir='ltr'>iuveni</span> <span class='ocrx_word' id='word_1_62' title='bbox 577 1106 753 1159; x_wconf 82' lang='lat' dir='ltr'>gratae</span> <span class='ocrx_word' id='word_1_63' title='bbox 780 1099 944 1146; x_wconf 83' lang='lat' dir='ltr'>veniet</span> <span class='ocrx_word' id='word_1_64' title='bbox 970 1113 1087 1147; x_wconf 88' lang='lat' dir='ltr'>cum</span> <span class='ocrx_word' id='word_1_65' title='bbox 1112 1100 1375 1161; x_wconf 82' lang='lat' dir='ltr'>proximus</span> <span class='ocrx_word' id='word_1_66' title='bbox 1401 1115 1585 1160; x_wconf 75' lang='lat' dir='ltr'>annue,</span> 
     </span>
     <span class='ocr_line' id='line_1_12' title="bbox 182 1185 1391 1237; baseline 0.001 -2"><span class='ocrx_word' id='word_1_67' title='bbox 182 1195 243 1235; x_wconf 87' lang='lat'>20</span> <span class='ocrx_word' id='word_1_68' title='bbox 358 1185 439 1234; x_wconf 85' lang='lat' dir='ltr'>hic</span> <span class='ocrx_word' id='word_1_69' title='bbox 464 1186 599 1233; x_wconf 89' lang='lat' dir='ltr'>idem</span> <span class='ocrx_word' id='word_1_70' title='bbox 623 1186 751 1233; x_wconf 85' lang='lat' dir='ltr'>votis</span> <span class='ocrx_word' id='word_1_71' title='bbox 779 1186 882 1234; x_wconf 77' lang='lat' dir='ltr'>iam</span> <span class='ocrx_word' id='word_1_72' title='bbox 905 1194 1050 1235; x_wconf 81' lang='lat' dir='ltr'>vetus</span> <span class='ocrx_word' id='word_1_73' title='bbox 1075 1188 1209 1236; x_wconf 84' lang='lat' dir='ltr'>adsit</span> <span class='ocrx_word' id='word_1_74' title='bbox 1231 1203 1391 1237; x_wconf 83' lang='lat' dir='ltr'>amor.</span> 
     </span>
    </p>
   </div>
   <div class='ocr_carea' id='block_1_3' title="bbox 968 1557 1088 1607">
    <p class='ocr_par' dir='ltr' id='par_1_3' title="bbox 968 1557 1088 1607">
     <span class='ocr_line' id='line_1_13' title="bbox 968 1557 1088 1607; baseline -0.008 0"><span class='ocrx_word' id='word_1_75' title='bbox 968 1557 1088 1607; x_wconf 89' lang='lat' dir='ltr'>VII.</span> 
     </span>
    </p>
   </div>
   <div class='ocr_carea' id='block_1_4' title="bbox 185 1716 1569 2577">
    <p class='ocr_par' dir='ltr' id='par_1_4' title="bbox 185 1716 1569 2577">
     <span class='ocr_line' id='line_1_14' title="bbox 282 1716 1521 1780; baseline 0 -15"><span class='ocrx_word' id='word_1_76' title='bbox 282 1716 512 1765; x_wconf 83' lang='lat' dir='ltr'>Tandem</span> <span class='ocrx_word' id='word_1_77' title='bbox 537 1716 675 1764; x_wconf 82' lang='lat' dir='ltr'>venit</span> <span class='ocrx_word' id='word_1_78' title='bbox 700 1732 858 1777; x_wconf 87' lang='lat' dir='ltr'>amor,</span> <span class='ocrx_word' id='word_1_79' title='bbox 892 1719 1099 1780; x_wconf 83' lang='lat' dir='ltr'>qualem</span> <span class='ocrx_word' id='word_1_80' title='bbox 1123 1717 1311 1766; x_wconf 83' lang='lat' dir='ltr'>texisse</span> <span class='ocrx_word' id='word_1_81' title='bbox 1336 1718 1521 1780; x_wconf 87' lang='lat' dir='ltr'>pudori</span> 
     </span>
     <span class='ocr_line' id='line_1_15' title="bbox 356 1805 1543 1869; baseline 0.003 -18"><span class='ocrx_word' id='word_1_82' title='bbox 356 1820 511 1867; x_wconf 77' lang='lat' dir='ltr'><strong>quam</strong></span> <span class='ocrx_word' id='word_1_83' title='bbox 534 1805 754 1853; x_wconf 80' lang='lat' dir='ltr'>nudasse</span> <span class='ocrx_word' id='word_1_84' title='bbox 778 1806 934 1853; x_wconf 83' lang='lat' dir='ltr'>alicui</span> <span class='ocrx_word' id='word_1_85' title='bbox 960 1806 1027 1853; x_wconf 85' lang='lat' dir='ltr'>sit</span> <span class='ocrx_word' id='word_1_86' title='bbox 1051 1805 1175 1853; x_wconf 86' lang='lat' dir='ltr'>mihi</span> <span class='ocrx_word' id='word_1_87' title='bbox 1202 1806 1338 1854; x_wconf 83' lang='lat' dir='ltr'><strong>fama</strong></span> <span class='ocrx_word' id='word_1_88' title='bbox 1362 1807 1543 1869; x_wconf 82' lang='lat' dir='ltr'><strong>magis.</strong></span> 
     </span>
     <span class='ocr_line' id='line_1_16' title="bbox 285 1892 1349 1955; baseline 0.001 -13"><span class='ocrx_word' id='word_1_89' title='bbox 285 1900 497 1942; x_wconf 85' lang='lat' dir='ltr'>exorata</span> <span class='ocrx_word' id='word_1_90' title='bbox 520 1894 647 1941; x_wconf 83' lang='lat' dir='ltr'>meis</span> <span class='ocrx_word' id='word_1_91' title='bbox 673 1893 823 1941; x_wconf 88' lang='lat' dir='ltr'><strong>illum</strong></span> <span class='ocrx_word' id='word_1_92' title='bbox 848 1892 1099 1955; x_wconf 86' lang='lat' dir='ltr'>Cytherea</span> <span class='ocrx_word' id='word_1_93' title='bbox 1125 1895 1349 1943; x_wconf 83' lang='lat' dir='ltr'>camenis</span> 
     </span>
     <span class='ocr_line' id='line_1_17' title="bbox 354 1981 1441 2045; baseline 0.003 -17"><span class='ocrx_word' id='word_1_94' title='bbox 354 1981 524 2029; x_wconf 84' lang='lat' dir='ltr'><strong>attulit</strong></span> <span class='ocrx_word' id='word_1_95' title='bbox 548 1982 601 2029; x_wconf 88' lang='lat' dir='ltr'>in</span> <span class='ocrx_word' id='word_1_96' title='bbox 631 1990 864 2030; x_wconf 85' lang='lat' dir='ltr'>nostrum</span> <span class='ocrx_word' id='word_1_97' title='bbox 888 1982 1227 2045; x_wconf 81' lang='lat' dir='ltr'>deposuitque</span> <span class='ocrx_word' id='word_1_98' title='bbox 1254 1983 1441 2032; x_wconf 82' lang='lat' dir='ltr'>sinum.</span> 
     </span>
     <span class='ocr_line' id='line_1_18' title="bbox 218 2070 1568 2134; baseline 0.001 -16"><span class='ocrx_word' id='word_1_99' title='bbox 218 2079 243 2118; x_wconf 85' lang='lat'><strong>5</strong></span> <span class='ocrx_word' id='word_1_100' title='bbox 287 2070 478 2118; x_wconf 85' lang='lat' dir='ltr'>exolvit</span> <span class='ocrx_word' id='word_1_101' title='bbox 502 2070 755 2132; x_wconf 83' lang='lat' dir='ltr'>promissa</span> <span class='ocrx_word' id='word_1_102' title='bbox 780 2070 986 2119; x_wconf 82' lang='lat' dir='ltr'>Venus:</span> <span class='ocrx_word' id='word_1_103' title='bbox 1029 2085 1145 2119; x_wconf 85' lang='lat' dir='ltr'>mea</span> <span class='ocrx_word' id='word_1_104' title='bbox 1169 2072 1357 2134; x_wconf 78' lang='lat' dir='ltr'>gaudia</span> <span class='ocrx_word' id='word_1_105' title='bbox 1380 2080 1568 2131; x_wconf 83' lang='lat' dir='ltr'>narret,</span> 
     </span>
     <span class='ocr_line' id='line_1_19' title="bbox 356 2159 1274 2222; baseline 0.002 -16"><span class='ocrx_word' id='word_1_106' title='bbox 356 2159 551 2207; x_wconf 84' lang='lat' dir='ltr'>dicetur</span> <span class='ocrx_word' id='word_1_107' title='bbox 573 2159 736 2222; x_wconf 86' lang='lat' dir='ltr'>siquis</span> <span class='ocrx_word' id='word_1_108' title='bbox 761 2175 869 2208; x_wconf 90' lang='lat' dir='ltr'>non</span> <span class='ocrx_word' id='word_1_109' title='bbox 893 2160 1138 2208; x_wconf 82' lang='lat' dir='ltr'>habuisse</span> <span class='ocrx_word' id='word_1_110' title='bbox 1163 2175 1274 2209; x_wconf 85' lang='lat' dir='ltr'><strong>sua.</strong></span> 
     </span>
     <span class='ocr_line' id='line_1_20' title="bbox 285 2248 1569 2311; baseline 0.002 -17"><span class='ocrx_word' id='word_1_111' title='bbox 285 2262 391 2295; x_wconf 91' lang='lat' dir='ltr'>non</span> <span class='ocrx_word' id='word_1_112' title='bbox 418 2262 514 2310; x_wconf 85' lang='lat' dir='ltr'>ego</span> <span class='ocrx_word' id='word_1_113' title='bbox 540 2248 754 2309; x_wconf 82' lang='lat' dir='ltr'>signatis</span> <span class='ocrx_word' id='word_1_114' title='bbox 781 2248 1059 2311; x_wconf 78' lang='lat' dir='ltr'>quicquam</span> <span class='ocrx_word' id='word_1_115' title='bbox 1081 2249 1324 2297; x_wconf 82' lang='lat' dir='ltr'>mandare</span> <span class='ocrx_word' id='word_1_116' title='bbox 1348 2250 1569 2307; x_wconf 73' lang='lat' dir='ltr'>tabelliS‚</span> 
     </span>
     <span class='ocr_line' id='line_1_21' title="bbox 354 2336 1556 2400; baseline 0.001 -16"><span class='ocrx_word' id='word_1_117' title='bbox 354 2350 421 2384; x_wconf 89' lang='lat' dir='ltr'>ne</span> <span class='ocrx_word' id='word_1_118' title='bbox 445 2336 583 2399; x_wconf 82' lang='lat' dir='ltr'>legat</span> <span class='ocrx_word' id='word_1_119' title='bbox 607 2336 657 2384; x_wconf 91' lang='lat' dir='ltr'>id</span> <span class='ocrx_word' id='word_1_120' title='bbox 685 2351 835 2385; x_wconf 89' lang='lat' dir='ltr'>nemo</span> <span class='ocrx_word' id='word_1_121' title='bbox 862 2352 1018 2400; x_wconf 82' lang='lat' dir='ltr'>quam</span> <span class='ocrx_word' id='word_1_122' title='bbox 1042 2351 1183 2385; x_wconf 80' lang='lat' dir='ltr'>meus</span> <span class='ocrx_word' id='word_1_123' title='bbox 1210 2344 1348 2396; x_wconf 84' lang='lat' dir='ltr'>ante,</span> <span class='ocrx_word' id='word_1_124' title='bbox 1390 2338 1556 2397; x_wconf 83' lang='lat' dir='ltr'>velim,</span> 
     </span>
     <span class='ocr_line' id='line_1_22' title="bbox 284 2425 1540 2488; baseline 0.001 -15"><span class='ocrx_word' id='word_1_125' title='bbox 284 2425 373 2473; x_wconf 84' lang='lat' dir='ltr'>sed</span> <span class='ocrx_word' id='word_1_126' title='bbox 399 2438 641 2488; x_wconf 82' lang='lat' dir='ltr'>peccasse</span> <span class='ocrx_word' id='word_1_127' title='bbox 666 2425 822 2484; x_wconf 82' lang='lat' dir='ltr'>iuvat,</span> <span class='ocrx_word' id='word_1_128' title='bbox 855 2427 1025 2474; x_wconf 80' lang='lat' dir='ltr'><strong>vultus</strong></span> <span class='ocrx_word' id='word_1_129' title='bbox 1053 2439 1347 2488; x_wconf 88' lang='lat' dir='ltr'>conponere</span> <span class='ocrx_word' id='word_1_130' title='bbox 1370 2425 1540 2474; x_wconf 85' lang='lat' dir='ltr'>famae</span> 
     </span>
     <span class='ocr_line' id='line_1_23' title="bbox 185 2513 1436 2577; baseline 0.002 -17"><span class='ocrx_word' id='word_1_131' title='bbox 185 2519 243 2560; x_wconf 91' lang='lat'>10</span> <span class='ocrx_word' id='word_1_132' title='bbox 354 2513 549 2562; x_wconf 82' lang='lat' dir='ltr'>taedet:</span> <span class='ocrx_word' id='word_1_133' title='bbox 594 2528 708 2561; x_wconf 88' lang='lat' dir='ltr'>cum</span> <span class='ocrx_word' id='word_1_134' title='bbox 736 2513 893 2576; x_wconf 85' lang='lat' dir='ltr'>digno</span> <span class='ocrx_word' id='word_1_135' title='bbox 921 2515 1078 2577; x_wconf 85' lang='lat' dir='ltr'>digna</span> <span class='ocrx_word' id='word_1_136' title='bbox 1103 2514 1262 2562; x_wconf 82' lang='lat' dir='ltr'>fuisse</span> <span class='ocrx_word' id='word_1_137' title='bbox 1287 2513 1436 2562; x_wconf 82' lang='lat' dir='ltr'>ferar.</span> 
     </span>
    </p>
   </div>
   <div class='ocr_carea' id='block_1_5' title="bbox 870 2648 1187 2655">
    <p class='ocr_par' dir='ltr' id='par_1_5' title="bbox 870 2648 1187 2655">
     <span class='ocr_line' id='line_1_24' title="bbox 870 2648 1187 2655; baseline 0 0"><span class='ocrx_word' id='word_1_138' title='bbox 870 2648 1187 2655; x_wconf 95' lang='lat' dir='ltr'> </span> 
     </span>
    </p>
   </div>
  </div>
 </body>
</html>
