1942 3000
852 149 1047 187 Lmen.
1629 145 1699 197 95

810 411 1102 461 LXXVIII.

207 571 389 621 Gallus
403 571 558 620 habet
569 571 766 632 fratres,
795 587 1016 635 quorum
1041 578 1117 620 est
1140 570 1461 634 lepidissima
1472 570 1702 620 coniunx

279 660 506 719 alterium
537 660 738 722 lepidus
766 660 899 708 filius
927 660 1154 709 alterius.

207 748 389 798 Gallus
416 749 570 796 homo
599 755 676 797 est
701 748 896 797 bellus:
940 762 1060 795 nam
1086 748 1260 796 dulces
1285 748 1455 811 iungit
1478 762 1697 808 amores,

280 853 397 886 cum
422 851 582 900 puero
609 844 666 884 ut
691 836 826 884 bello
855 837 992 885 bella
1017 836 1191 899 puella
1216 837 1380 884 cubet.

135 936 161 974 5
209 925 395 975 Gallus
421 925 574 973 homo
603 932 679 973 est
703 925 888 973 stultus
917 938 1012 972 nec
1038 938 1095 972 se
1120 924 1255 973 videt
1281 938 1392 973 esse
1417 925 1675 984 maritum,

282 1014 371 1078 qui
397 1022 608 1078 patruus
636 1014 802 1076 patrui
829 1020 1080 1062 monstret
1103 1013 1425 1062 adulterium.

797 1200 1114 1208 ——-——-

800 1383 1117 1434 LXXVIIH.

210 1544 427 1594 Lesbius
455 1553 531 1594 est
556 1545 799 1609 pulcher:
843 1545 968 1608 quid
994 1545 1083 1593 ni?
1120 1559 1273 1608 quem
1298 1544 1487 1593 Lesbia
1512 1544 1660 1592 malit

288 1649 442 1696 quam
467 1641 517 1682 te
544 1649 659 1682 eum
682 1640 790 1682 tota
815 1643 983 1696 gente,
1015 1633 1233 1693 Cat-ulle,
1262 1641 1367 1681 tua.

216 1723 304 1770 sed
331 1730 503 1771 tamen
531 1723 614 1771 hic
639 1723 852 1785 pulcher
876 1723 1062 1770 vendat
1088 1738 1203 1771 cum
1229 1729 1382 1786 gente
1408 1720 1687 1779 Catullum,

288 1811 331 1858 si
356 1812 458 1859 tria
483 1820 719 1860 natorum
747 1813 886 1860 savia
910 1811 1205 1875 reppererit.

806 1997 1120 2004 ———--

851 2181 1066 2230 LXXX.

221 2341 355 2401 Quid
384 2343 569 2402 dicam,
603 2341 756 2401 Gelli,
789 2355 949 2403 quare
974 2355 1123 2389 rosea
1147 2342 1246 2389 ista
1271 2340 1461 2389 labella

288 2431 502 2479 hiberna
528 2431 652 2479 fiant
678 2430 976 2479 candidiora
1003 2430 1134 2489 nive,

218 2533 365 2567 mane
393 2519 545 2567 domo
573 2533 688 2567 cum
715 2519 824 2567 exis
851 2527 900 2567 et
925 2534 1044 2566 cum
1068 2525 1116 2566 te
1144 2526 1321 2566 octava
1347 2517 1517 2579 quiete

286 2622 313 2655 e
337 2607 483 2655 molli
509 2608 669 2669 longo
698 2607 911 2654 suscitat
935 2607 1063 2654 hora
1090 2606 1207 2654 die?
