1942 3000
812 159 991 200 mmm
1021 159 1084 196 11.
1597 155 1696 206 1⁸7

106 325 166 366 10
279 316 530 378 naufraga
555 331 710 379 quam
736 317 865 364 vasti
893 315 1132 364 tunderet
1154 316 1295 365 unda
1319 317 1504 364 maris!

207 421 345 454 nunc
371 414 421 454 et
445 420 621 453 amara
646 405 753 453 dies
782 413 833 453 et
858 404 1024 453 noctis
1050 405 1273 453 amarior
1299 405 1543 462 umbram,

278 494 450 543 omnia
475 509 615 542 nunc
641 493 771 541 tristi
795 501 1031 556 tempora
1054 493 1175 541 felle
1200 493 1423 541 madent.

207 597 302 631 nec
328 590 545 645 prosunt
570 581 702 644 elegi
730 596 827 631 nec
854 582 1094 632 carminis
1120 590 1302 629 auctor
1323 582 1517 644 Apollo
1539 600 1549 629 :

275 670 367 719 ilia
393 686 516 719 cava
542 671 760 733 pretium
786 670 984 732 flagitat
1012 685 1173 732 usque
1204 686 1377 718 manu.

104 768 166 809 15
206 759 275 807 ite
301 761 499 823 procul,
531 774 725 819 musae,
759 759 803 807 si
830 774 937 807 uon
964 760 1217 822 prodestis
1247 759 1469 808 amanti:

279 863 384 897 non
411 863 509 910 ego
537 862 644 908 vos,
679 856 733 895 ut
759 848 863 895 sint
887 847 1025 896 bella
1050 848 1301 906 canenda,
1334 848 1470 906 0010,

206 952 302 987 nec
328 938 494 987 resero
518 937 747 1000 solisque
774 938 881 985 vias
908 946 959 985 et
985 937 1172 999 qualis,
1207 937 1292 986 ubi
1319 937 1494 986 orbem

279 1026 554 1089 conplevit,
585 1026 744 1075 versis
772 1026 924 1074 Luna
950 1026 1165 1074 recurrit
1191 1026 1352 1088 equis.

207 1115 270 1163 ad
297 1115 556 1162 dominam
581 1114 760 1166 faciles
788 1115 955 1163 aditus
985 1128 1076 1177 per
1102 1115 1330 1163 carmina
1356 1129 1577 1176 quaero:

99 1212 163 1253 20
277 1202 346 1250 ite
372 1203 571 1265 procul,
604 1218 796 1262 musae,
825 1204 867 1251 si
898 1203 1026 1251 nihil
1050 1203 1151 1251 ista
1177 1204 1363 1251 valent.

206 1299 260 1338 at
284 1290 408 1338 mihi
433 1304 524 1353 per
549 1292 756 1339 caedem
781 1299 830 1338 et
854 1291 1056 1339 facinus
1082 1299 1202 1339 sunt
1227 1292 1363 1339 dona
1389 1292 1635 1354 paranda,

279 1393 344 1426 ue
368 1379 565 1427 iaceam
590 1379 819 1428 clausam
845 1379 1030 1427 flebilis
1057 1388 1177 1428 ante
1203 1380 1436 1428 domum:

205 1475 296 1516 aut
321 1467 516 1530 rapiam
544 1481 795 1530 suspensa
819 1467 979 1517 sacris
1006 1468 1228 1531 insignia
1253 1468 1413 1517 fanis:

278 1557 367 1604 sed
393 1555 571 1604 Venus
597 1565 717 1605 ante
742 1556 872 1604 alios
899 1565 978 1604 est
1001 1556 1239 1604 violanda
1263 1557 1401 1605 mihi.

100 1651 163 1692 25
205 1643 299 1692 illa
324 1644 515 1691 malum
541 1644 741 1692 facinus
768 1644 946 1692 suadet
972 1644 1336 1707 dominamque
1362 1659 1598 1708 rapacem

278 1733 365 1780 dat
390 1732 542 1782 mihi:
586 1734 864 1795 sacrilegas
891 1733 1082 1781 sentiat
1106 1733 1198 1781 illa
1224 1747 1421 1782 manus.

206 1835 238 1869 o
266 1829 457 1884 pereat,
489 1821 799 1883 quicumque
824 1821 950 1883 legit
974 1822 1264 1883 viridesque
1288 1822 1583 1883 smaragdos

279 1922 328 1959 et
356 1913 557 1960 niveam
580 1912 735 1973 Tyrio
758 1913 955 1961 murice
979 1912 1133 1974 tingit
1158 1926 1321 1961 ovem.

205 2000 289 2049 hic
315 2001 402 2048 (lat
426 2001 668 2049 avaritiae
693 2016 873 2050 causas
902 2009 952 2050 et
980 2000 1090 2050 Coa
1116 2001 1300 2064 puellis

93 2098 159 2138 30
278 2089 430 2137 vestis
457 2099 507 2138 et
533 2103 561 2136 e
586 2089 741 2137 rubro
767 2089 940 2137 lucida
966 2090 1166 2137 concha
1195 2089 1340 2136 mari.

205 2176 335 2225 haec
359 2179 527 2225 fecere
554 2176 712 2224 malas
732 2193 743 2222 t
786 2177 907 2225 hinc
934 2177 1118 2225 clavim
1142 2177 1301 2224 ianua
1324 2177 1481 2225 sensit

279 2274 329 2313 et
354 2266 525 2329 eoepit
551 2275 723 2314 eustos
750 2265 942 2314 liminis
970 2281 1084 2315 esse
1109 2265 1268 2315 canis,

204 2354 296 2401 sed
323 2354 539 2416 pretium
566 2353 610 2402 si
635 2354 830 2415 grande
855 2353 1008 2414 feras,
1041 2354 1272 2401 custodia
1297 2353 1494 2413 victast‚

279 2457 373 2491 nec
398 2443 673 2506 prohibent
697 2444 883 2502 claves,
914 2452 963 2491 et
989 2443 1131 2491 canis
1157 2442 1267 2506 ipse
1293 2451 1444 2492 tacet.

96 2541 160 2581 35
205 2531 311 2579 heu
337 2531 647 2594 quicumque
676 2532 813 2580 dedit
837 2531 1057 2580 formam
1084 2532 1317 2580 caelestis
1343 2547 1541 2585 avarae.

279 2621 433 2683 quale
460 2621 651 2668 bonum
678 2620 848 2669 multis
877 2621 1048 2668 attulit
1074 2620 1162 2669 ille
1189 2620 1364 2669 malis!
