1942 3000
791 185 968 225 LIBER
999 186 1090 224 111.

260 340 484 388 Palladis
512 348 601 388 aut
628 341 806 389 oculos
834 357 960 390 ausa
986 355 1179 405 negare
1203 342 1404 392 bonos?

194 439 408 491 semper,
440 428 716 489 formosae,
748 444 860 477 non
886 430 1053 478 nostis
1079 444 1291 492 parcere
1317 430 1516 479 verbis:

259 518 358 566 hoe
383 518 476 566 tibi
500 518 678 580 lingua
705 533 915 578 nocens,
947 519 1048 567 hoe
1072 519 1164 566 tibi
1194 519 1359 568 forma
1383 519 1538 567 dedit.

92 614 150 654 15
193 605 280 653 sed
304 605 398 654 tibi
423 613 635 654 vexatae
660 620 752 668 per
776 607 939 654 multa
963 606 1195 669 pericula
1220 607 1354 655 vitae

262 700 487 741 extremo
514 693 684 742 veniet
705 694 918 742 mollior
941 693 1072 741 hora
1097 695 1196 742 die.

189 781 248 831 Io
274 795 420 829 versa
446 788 603 843 eaput
625 781 818 842 primos
843 781 1129 842 mugiverat
1153 794 1352 829 annos:

262 884 400 917 nunc
428 870 540 928 dea,
574 883 707 930 quae
733 868 839 915 Nili
866 869 1077 916 flumina
1102 883 1261 918 vacca
1278 869 1433 917 bibit.

188 957 284 1006 Ino
312 957 468 1005 etiam
492 956 656 1018 prima
678 957 827 1004 terris
854 963 1022 1005 aetate
1048 964 1308 1019 vagatast:

87 1054 149 1096 20
261 1046 395 1094 hanc
420 1045 574 1092 miser
598 1045 826 1108 inplorat
849 1045 1022 1092 navita
1046 1045 1399 1094 Leucothoen.

190 1133 519 1183 Andromede
544 1133 788 1181 monstris
814 1133 983 1181 fuerat
1008 1134 1191 1182 devota
1215 1134 1458 1183 marinisz

262 1222 389 1269 haee
420 1221 597 1269 eadem
620 1221 795 1270 Persei
824 1222 1013 1269 nobilis
1042 1236 1175 1269 uxor
1201 1228 1327 1270 erat.

192 1307 411 1358 Callisto
435 1308 690 1355 Arcadios
718 1317 976 1356 erraverat
998 1323 1120 1355 ursa
1146 1323 1238 1370 per
1262 1322 1415 1372 agros
1432 1325 1448 1357 ι

263 1399 390 1446 haee
415 1405 669 1446 nocturna
694 1412 790 1445 suo
817 1397 982 1445 sidere
1008 1397 1120 1444 vela
1148 1397 1295 1458 regit.

88 1495 151 1537 25
193 1487 333 1551 quod
359 1487 403 1535 si
428 1486 560 1534 forte
584 1486 676 1535 tibi
703 1485 1029 1549 properarint
1052 1485 1159 1533 fata
1185 1485 1429 1548 quietem,

262 1576 355 1624 illa
380 1575 673 1648 sepulturae
697 1573 805 1621 fata
831 1574 982 1622 beata
1014 1580 1152 1621 tuae.

191 1664 422 1712 narrabis
451 1662 703 1722 Semelae,
737 1677 843 1731 quo
870 1662 934 1709 sit
958 1662 1186 1710 formosa
1212 1661 1406 1724 periclo
1424 1677 1439 1708 z

265 1752 436 1801 credet
462 1758 512 1799 et
536 1751 646 1811 illa,
678 1765 773 1797 suo
802 1738 955 1799 docta
982 1750 1159 1812 puella
1188 1750 1356 1797 malo:

194 1847 245 1888 et
268 1840 363 1888 tibi
387 1838 658 1887 Maeonias
683 1838 818 1886 inter
841 1839 1081 1888 heroidas
1109 1838 1275 1887 omnis

87 1937 150 1978 30
264 1928 458 1990 primus
486 1928 581 1975 erit
603 1927 751 1975 nulla
776 1942 883 1975 non
910 1928 1166 1976 tribuente
1192 1928 1354 1975 locus.

1582 182 1688 234 277

152 2033 160 2038 ·
192 2030 351 2075 nune,
384 2024 659 2078 utcumque
686 2023 853 2077 potes,
886 2016 994 2063 fato
1022 2030 1141 2078 gere
1167 2015 1345 2063 saucia
1370 2027 1592 2061 morem:

266 2112 317 2152 et
342 2105 466 2152 deus
494 2111 543 2152 et
568 2104 723 2152 durus
750 2104 961 2152 vertitur
985 2105 1096 2166 ipse
1122 2105 1248 2152 dies,

192 2193 293 2241 hoc
318 2192 413 2241 tibi
438 2192 516 2241 vel
541 2192 747 2255 poterit,
781 2192 1028 2253 coniunx,
1059 2192 1332 2254 ignoscere
1356 2190 1522 2240 Iuno:

265 2281 521 2343 frangitur
546 2286 596 2328 et
618 2279 770 2340 Iun0,
801 2279 951 2342 siqua
974 2281 1149 2343 puella
1174 2280 1321 2342 perit.
