1942 3000
805 134 984 172 LIBER
1017 134 1105 172 111.

207 291 276 338 ah
305 290 510 340 crudele
535 305 696 354 genus
723 304 820 338 nee
847 291 1003 339 fidum
1029 290 1221 339 femina
1248 293 1466 340 nomen!

284 380 350 427 ah
376 386 566 442 pereat,
597 380 773 428 didicit
796 380 977 429 fallere
1002 381 1153 443 siqua
1177 380 1355 428 virum.

211 468 304 516 sed
332 468 465 516 flecti
492 468 704 531 poterit:
747 483 893 516 mens
921 476 997 517 est
1021 469 1279 517 mutabilis
1305 469 1437 517 illis:

285 565 342 604 tu
365 558 518 604 modo
546 572 663 605 cum
687 558 848 605 multa
876 557 1115 605 bracchia
1137 558 1290 605 tende
1316 541 1486 621 prece,

93 654 164 694 65
208 660 392 694 saevus
417 647 580 693 Amor
605 647 780 694 docuit
804 646 1001 694 validos
1026 653 1276 709 temptare
1301 647 1523 705 labores»,

285 748 465 782 saevus
490 736 655 782 Amor
680 734 855 783 docuit
878 735 1089 783 verbera
1114 748 1269 797 posse
1294 735 1417 797 pati.

209 836 296 871 me
322 823 583 885 quondam
607 823 811 871 Admeti
840 823 1011 872 niveas
1040 823 1238 885 pavisse
1262 823 1502 872 iuvencas

283 926 390 959 non
418 919 494 960 est
518 912 573 959 in
598 926 786 959 vanum
811 912 988 959 fabula.
1016 912 1134 960 ficta
1157 912 1355 960 iocum:

210 1007 336 1048 tunc
364 1014 459 1062 ego
489 1014 582 1048 nec
611 1000 805 1048 cithara
832 1009 1065 1063 poteram
1091 1000 1314 1063 gaudere
1337 1015 1531 1049 sonora

103 1097 167 1137 70
285 1103 380 1136 nec
405 1088 595 1136 similes
627 1089 827 1136 chordis
856 1077 1065 1136 r'eddere
1090 1103 1214 1137 voce
1239 1104 1414 1150 conoe,

214 1175 306 1224 sed
331 1177 613 1239 perlucenti
639 1184 818 1224 cantus
847 1178 1129 1225 meditabar
1153 1192 1315 1226 avena

285 1265 376 1313 ille
401 1280 497 1326 ego
524 1264 759 1313 Latonae
785 1266 917 1315 filius
943 1274 1098 1328 atque
1122 1267 1275 1315 Iovis,

214 1354 382 1402 nescis
410 1354 530 1415 quid
557 1355 623 1401 sit
648 1368 809 1413 amor,
842 1355 1058 1413 iuvenis,
1091 1355 1133 1403 si
1158 1355 1293 1403 ferre
1318 1369 1527 1404 recusas

285 1442 516 1490 inmitem
542 1443 800 1491 dominam
828 1443 1232 1506 coniugiumque
1257 1443 1437 1491 ferum.

110 1539 132 1579 7
148 1540 172 1578 5
211 1545 335 1593 ergo
361 1545 428 1580 ne
454 1531 628 1580 dubita
654 1533 869 1581 blandas
896 1533 1135 1581 adhibere
1161 1533 1443 1595 querellas:

207 1682 211 1684 V
285 1620 560 1668 vincuntur
583 1621 727 1669 molli
754 1629 964 1684 pectora
991 1622 1117 1669 dura
1143 1636 1309 1684 prece.

215 1709 353 1771 quod
379 1709 422 1756 si
449 1724 566 1758 vcra
593 1718 785 1757 canunt
809 1710 966 1758 sacris
999 1711 1210 1758 oracula
1231 1711 1457 1772 templi8‚

285 1798 412 1845 haee
437 1798 512 1845 illi
541 1807 717 1846 nostro
744 1800 953 1847 nomine
979 1799 1114 1847 dicta
1140 1799 1287 1855 refer,

213 1886 329 1934 ‘hoc
355 1887 449 1934 tibi
476 1887 773 1949 coniugium
803 1889 1055 1950 promittit
1079 1887 1261 1936 Delius
1286 1888 1427 1949 ipse:

113 1983 172 2023 80
286 1975 411 2023 felix
437 1976 554 2036 hoc,
586 1976 744 2024 alium
773 1976 949 2024 desine
973 1976 1105 2024 velle
1129 1977 1345 2024 virum.”

216 2063 358 2123 dixit,
391 2071 441 2111 et
465 2064 677 2126 ignavus
707 2064 918 2112 defluxit
944 2079 1160 2126 corpore
1187 2079 1415 2112 somnus,

286 2152 350 2199 ah
380 2166 476 2214 ego
506 2167 569 2199 ne
596 2152 791 2215 possim
815 2160 958 2201 tanta
985 2153 1153 2200 videre
1177 2154 1330 2201 mala.

216 2241 429 2289 nec-tibi
457 2241 759 2289 crediderim
782 2241 909 2289 votis
938 2241 1198 2289 contraria
1222 2250 1341 2289 vota

289 2344 383 2377 nec
409 2337 607 2377 tantum
634 2330 824 2378 crimen
852 2338 1061 2392 pectore
1086 2329 1255 2378 inesse
1281 2338 1401 2378 tuo:

115 2426 174 2467 85
215 2433 334 2466 nam
360 2426 410 2466 te
436 2433 530 2467 ncc
554 2419 681 2467 vasti
707 2429 999 2481 genuerunt
1022 2432 1250 2480 aequora
1274 2418 1420 2480 ponti

284 2522 381 2555 nec
407 2507 662 2555 flammam
688 2508 896 2555 volvens
929 2521 1019 2555 ore
1046 2506 1318 2555 Chimaera
1343 2507 1454 2554 sero

215 2609 309 2644 nec
336 2596 478 2644 canis
505 2596 764 2657 anguinea
790 2596 1054 2644 redimitus
1083 2604 1226 2657 terga
1251 2603 1470 2654 caterva,

1599 131 1702 182 173
