1942 3000
769 157 946 195 LIBER
978 158 1065 195 111.

829 403 998 451 XXV.

172 579 335 628 Unica
360 586 482 627 nata
508 593 622 627 meo
650 579 995 642 pulcherrima
1019 595 1143 628 cura
1170 581 1356 641 dolori,

244 669 470 717 excludit
495 669 741 731 quoniam
766 684 879 718 sors
905 684 1021 717 mea
1046 670 1219 732 ‘saepe
1243 670 1392 728 veni'‚

171 756 269 805 ista
293 757 418 806 meis
447 758 533 806 fiet
558 758 827 806 notissima
851 758 923 806 foi
933 773 1018 806 ma
1045 759 1253 819 libellis,

243 844 401 894 Calve
428 853 517 893 tua
541 846 709 905 venia,
743 860 872 908 pace
899 845 1105 894 Catulle
1132 854 1237 896 tua.

105 942 131 982 5
171 933 317 981 miles
343 933 592 995 depositis
619 948 849 982 annosus
874 935 1089 982 secubat
1113 934 1283 994 armiS,

243 1020 623 1084 grandaevique
649 1028 845 1083 negant
869 1022 1056 1069 ducere
1081 1029 1250 1069 aratra
1276 1022 1455 1080 boves,

173 1111 334 1175 putris
362 1124 412 1158 et
434 1110 490 1158 in
515 1125 680 1158 vacua
704 1110 979 1172 requiescit
1004 1110 1148 1158 navis
1172 1125 1347 1170 arena,

244 1206 294 1247 et
316 1206 460 1247 vetus
487 1199 542 1246 in
567 1200 763 1262 templo
790 1199 979 1248 bellica
1002 1214 1182 1261 parma
1208 1206 1381 1247 vacat:

175 1298 228 1338 at
252 1303 333 1337 me
359 1289 424 1337 ab
452 1303 625 1338 amore
652 1299 742 1337 tuo
769 1289 990 1336 deducet
1013 1288 1160 1336 nulla
1185 1294 1446 1346 senectae,

73 1388 132 1428 10
246 1379 351 1426 sive
378 1392 474 1440 ego
500 1378 756 1428 Tithonus
783 1377 887 1425 sive
914 1391 1012 1438 ego
1037 1375 1224 1424 Nestor
1250 1390 1357 1424 ero,

173 1482 350 1518 nonne
375 1467 472 1516 fuit
497 1468 657 1516 satius
686 1466 814 1515 duro
840 1465 1027 1514 servire
1054 1472 1274 1526 tyranno

247 1563 297 1604 et
321 1569 524 1618 gemere
548 1556 604 1603 in
630 1562 795 1614 taum,
827 1568 978 1602 saeve
1002 1553 1208 1613 Perille,
1240 1560 1349 1611 tu0‚

178 1644 437 1706 Gorgonis
466 1650 515 1692 et
539 1643 700 1693 satius
726 1641 823 1690 fuit
850 1642 1192 1689 obdurescere
1217 1640 1378 1700 vultu,

249 1732 527 1782 Caucasias
554 1732 708 1780 etiam
733 1732 777 1781 si
804 1739 1098 1795 pateremur
1121 1731 1278 1779 aves?

72 1832 92 1871 1
109 1835 134 1871 5
177 1823 267 1870 sed
293 1830 467 1870 tamen
491 1822 758 1871 obsistam.
813 1821 996 1869 teritur
1021 1819 1259 1882 rubigine
1284 1833 1463 1868 mucro

248 1910 443 1960 ferreus
471 1917 522 1958 et
546 1924 704 1973 parvo
730 1923 885 1972 saepe
911 1909 1116 1971 liquore
1142 1906 1303 1956 silex:

177 2005 231 2046 at
256 1999 400 2046 nullo
429 1997 670 2046 dominae
693 1997 873 2045 teritur
896 2000 923 2057 †
951 1996 1047 2045 sub
1073 1995 1252 2044 limine
1276 2009 1421 2043 amor
1446 1993 1537 2057 qui

250 2093 407 2135 restat
433 2094 483 2135 et
506 2086 744 2135 inmerita
769 2085 989 2134 sustinet
1021 2099 1145 2133 aure
1169 2084 1353 2134 minas.

176 2176 316 2224 ultro
345 2181 668 2238 contemptus
694 2181 861 2237 rogat,
895 2181 945 2221 et
969 2187 1213 2235 peccasse
1238 2173 1425 2221 fatetur

73 2273 136 2314 20
251 2265 442 2320 laesus,
475 2270 525 2312 et
547 2262 719 2311 invitis
746 2262 860 2325 ipse
884 2262 1014 2310 redit
1039 2261 1275 2324 pedibus.

179 2362 235 2401 tu
261 2367 488 2416 quoque,
524 2352 611 2415 qui
637 2352 793 2415 pleno
820 2351 982 2400 fastus
1009 2350 1233 2399 adsumis
1267 2363 1460 2409 amore,

255 2442 481 2502 credule,
513 2442 659 2489 nulla
686 2440 773 2488 diu
796 2439 990 2488 femina
1012 2439 1215 2502 pondus
1241 2439 1413 2487 habet.

180 2546 249 2578 an
277 2530 552 2592 quisquam
577 2530 632 2576 in
658 2529 840 2576 mediis
867 2528 1114 2592 persolvit
1139 2535 1258 2576 vota
1285 2525 1549 2590 procellis,

255 2633 371 2666 cum
396 2632 551 2681 saepe
575 2617 629 2664 in
656 2624 809 2680 portu
835 2617 1000 2665 fracta
1026 2616 1200 2665 carina
1227 2622 1387 2676 natet,

1559 153 1662 203 271
