1942 3000
37 589 130 628 375

36 1032 128 1073 380

34 1474 127 1516 385

32 1919 128 1960 39⁰

31 2362 126 2403 395

791 159 984 198 unna.
1542 157 1610 207 77

233 330 397 378 quare
422 315 557 378 agite
583 323 785 379 optatos
812 316 972 363 animi
997 316 1297 379 coniungite
1322 331 1541 367 amores.

157 404 385 468 accipiat
410 404 637 453 coniunx
663 403 801 452 felici
825 405 1032 454 foedere
1057 405 1241 464 divam,

158 493 377 542 dedatur
403 493 593 555 cupido
619 493 723 540 iam
748 493 940 541 dudum
964 501 1127 557 nupta
1152 495 1354 543 marito,

160 581 354 630 currite
380 582 621 630 ducentes
647 582 989 644 subtegmina,
1027 583 1232 642 currite,
1265 583 1382 631 fusi.

234 684 343 718 non
369 670 515 718 illam
539 669 715 718 nutrix
739 670 925 719 orienti
952 671 1068 720 luce
1094 672 1318 720 revisens

159 758 403 807 hesterno
431 759 622 807 collum
648 759 837 821 poterit
861 759 1180 808 circumdare
1205 760 1311 808 file.

159 847 354 896 currite
378 846 622 895 ducentes
649 848 993 910 subtegmina,
1027 847 1230 907 currite,
1262 848 1381 896 fusi.

231 935 389 983 anxia
415 950 509 984 nec
534 943 697 984 mater
721 935 966 984 discordis
992 945 1187 984 maesta
1212 937 1417 1000 puellae

159 1024 402 1074 secubitu
429 1038 575 1072 caros
601 1025 767 1073 mittet
789 1039 996 1087 sperare
1021 1032 1253 1088 nepotes.

158 1112 356 1161 currite
383 1112 624 1161 ducentes
651 1113 994 1176 subtegmina,
1030 1114 1237 1173 currite,
1269 1113 1412 1162 fusi.'

233 1200 360 1248 talia
386 1200 676 1262 praefantes
705 1202 966 1264 quondam
991 1201 1162 1250 felicia
1189 1203 1328 1251 Pelei

158 1289 391 1339 carmina
415 1289 585 1337 divino
615 1290 911 1338 cecinerunt
935 1300 1144 1351 pectore
1169 1305 1371 1354 parcae.

160 1386 459 1441 praesentes
484 1393 709 1441 namque
733 1386 852 1426 ante
878 1379 1058 1427 domos
1083 1379 1302 1428 invisere
1328 1388 1495 1428 castas

161 1467 382 1516 heroum
407 1474 455 1515 et
481 1480 593 1515 sese
617 1467 821 1516 mortali
849 1469 1117 1518 ostendere
1143 1477 1294 1517 coctu

162 1555 444 1604 caelicolae
471 1557 701 1605 nondum
725 1564 896 1619 spreta
922 1558 1112 1620 pietate
1138 1558 1393 1606 solebant.

161 1658 318 1707 saepe
344 1651 490 1706 pater
513 1644 684 1692 divum
709 1646 903 1707 templo
928 1646 985 1693 in
1011 1645 1243 1708 fulgente
1268 1646 1511 1707 revisens,

160 1747 339 1781 annua
365 1747 480 1781 cum
505 1732 647 1781 festis
674 1733 932 1781 venissent
957 1748 1104 1783 sacra
1129 1735 1324 1793 diebus,

162 1822 436 1884 conspexit
458 1830 596 1869 terra
620 1829 826 1870 centum
851 1824 1188 1885 procumbere
1212 1832 1408 1873 tauros.

162 1924 320 1973 saepe
347 1924 504 1973 vagus
529 1910 686 1959 Liber
709 1912 923 1960 Parnasi
950 1913 1136 1960 vertice
1163 1927 1362 1961 summo

159 1998 392 2060 thyiadas
419 1998 592 2047 effusis
621 2001 820 2048 euantis
848 2001 1073 2049 crinibus
1104 2001 1226 2064 egit,

161 2101 281 2135 cum
305 2087 495 2150 Delphi
521 2095 631 2135 tota
655 2090 886 2137 certatim
913 2104 978 2138 ex
1004 2091 1131 2138 urbe
1156 2097 1359 2138 ruentes

159 2175 457 2238 acciperent
480 2176 604 2224 laeti
630 2176 800 2224 divum
825 2177 1143 2226 fumantibus
1171 2177 1291 2226 aris.

160 2278 317 2327 saepe
340 2263 395 2312 in
421 2264 625 2313 letifero
654 2265 774 2313 belli
800 2267 1079 2314 certamine
1104 2267 1309 2314 Mavors

160 2360 253 2401 aut
276 2352 442 2416 rapidi
467 2354 693 2401 Tritonis
721 2368 808 2402 era
832 2361 921 2402 aut
944 2354 1261 2404 Rhamnusia
1284 2355 1428 2418 virgo

158 2450 384 2491 armatas
409 2443 676 2491 homiuum
702 2450 779 2490 est
804 2457 1045 2504 praesens
1073 2443 1276 2492 hortata
1301 2453 1544 2493 catervas.

159 2530 255 2578 sed
279 2538 555 2594 postquam
578 2532 730 2580 tellus
758 2532 951 2580 scelere
980 2541 1058 2580 est
1082 2533 1278 2581 imbuta
1303 2533 1547 2590 nefande,

160 2619 517 2684 iustitiamque
544 2634 722 2668 omnes
749 2620 936 2683 cupida
962 2620 1025 2668 de
1050 2629 1223 2670 mente
1248 2621 1508 2683 fugarunt,
