1942 3000
284 161 398 213 '106
909 167 1165 206 CAwLm

1010 429 1067 479 C.

290 586 497 636 Caelius
522 588 819 635 Aufilenum
846 597 894 635 et
922 587 1167 649 Quintius
1193 590 1490 640 Aufilenam

361 675 456 723 flos
484 675 841 724 Veronensum
867 676 1148 739 depereunt
1172 677 1432 738 iuvenum,

285 764 369 812 hic
393 764 627 822 fratrem,
672 765 761 813 ille
787 779 1033 815 sororem.
1113 767 1212 816 hoc
1251 776 1352 827 est,
1399 768 1536 830 quod
1574 769 1773 829 dicitnr,

502 852 631 901 illud

360 924 643 972 fraternum
667 938 782 972 vere
808 924 958 973 dulce
984 926 1292 974 sodalitium.

220 1019 248 1058 5
279 1012 360 1059 cui
387 1012 586 1060 faveam
611 1011 818 1075 potius?
860 1012 1023 1073 Caeli,
1056 1014 1181 1062 tibi:
1226 1030 1345 1063 nam
1370 1021 1459 1062 tua
1486 1015 1636 1063 nobis

360 1116 451 1163 per
476 1100 613 1149 facta
639 1101 865 1150 exhibita
893 1110 968 1150 est
996 1103 1146 1151 unica
1170 1103 1411 1161 amicitia,

289 1204 405 1238 cum
432 1204 619 1238 vesana
643 1203 783 1238 meas
812 1198 1028 1239 torreret
1052 1191 1256 1239 flamma
1281 1192 1550 1240 medullas,

359 1280 427 1326 sis
455 1279 597 1338 seuit,
631 1277 794 1339 Caeli,
829 1280 898 1328 sis
925 1280 980 1327 in
1006 1295 1182 1329 amore
1207 1290 1408 1343 potens,

874 1467 1193 1474 ——....—.

992 1667 1076 1717 CI.

283 1828 476 1876 Multas
503 1842 594 1892 per
618 1837 794 1891 gentes
825 1837 874 1876 et
896 1829 1058 1875 multa
1082 1841 1174 1890 per
1198 1841 1426 1890 aequora
1450 1837 1623 1877 vectus

358 1916 573 1964 advenio
600 1916 691 1964 has
719 1917 947 1975 miseraS,
982 1916 1157 1975 frater,
1188 1916 1252 1964 ad
1277 1916 1503 1977 inferiae,

285 2011 343 2051 ut
368 2011 417 2052 te
442 2012 699 2067 postremo
727 2003 972 2052 donarem
998 2017 1211 2052 munere
1234 2005 1412 2053 mortis

358 2099 407 2139 et
430 2099 623 2140 mutam
648 2092 962 2155 nequiquam
988 2092 1293 2155 adloquerer
1319 2094 1558 2154 cinerem,

220 2188 247 2226 5
289 2180 706 2242 quandoquidem
731 2180 937 2228 fortuna
962 2180 1087 2228 mihi
1113 2188 1164 2229 te
1189 2188 1239 2229 te
1265 2180 1478 2230 abstulit
1501 2182 1687 2244 ipsum,

355 2267 456 2316 heu
480 2268 635 2317 miser
658 2268 870 2331 indigne
895 2268 1051 2317 frater
1076 2268 1311 2332 adempte
1336 2270 1479 2318 mihi.

285 2372 424 2405 nunc
450 2365 622 2405 tamen
647 2356 860 2416 interea,
894 2357 1066 2420 priseo
1093 2372 1227 2420 quae
1251 2372 1395 2407 more
1423 2367 1695 2422 parentum

357 2446 543 2494 tradita
567 2453 687 2495 sunt
712 2447 867 2495 tristis
894 2461 1109 2495 munera
1134 2447 1198 2495 ad
1224 2446 1453 2507 inferiae,

285 2535 462 2597 accipe
487 2535 714 2584 fraterno
742 2537 960 2584 multum
985 2536 1249 2585 manantia
1274 2536 1413 2596 fletu,

185 2632 243 2672 10
355 2632 511 2686 atque
536 2623 590 2672 in
616 2632 936 2688 perpetuum.
969 2625 1144 2684 frater,
1177 2639 1270 2673 ave
1297 2632 1451 2687 atque
1477 2625 1604 2673 vale.
