1942 3000
781 180 960 217 LIBER
992 179 1083 216 111.
1578 176 1682 228 263

260 336 434 383 Attica
460 333 723 397 Cecropiis
753 335 1004 398 obstrepit
1028 336 1082 383 in
1108 335 1268 395 foliis,

194 437 285 471 nec
310 430 508 470 tantum
534 421 735 470 Niobae
759 422 836 471 bis
864 437 957 471 sex
982 423 1047 471 ad
1076 425 1226 471 busta
1253 425 1505 486 superbae

261 510 481 559 sollicito
508 511 749 559 lacrimae
776 512 955 560 defluit
980 527 1011 560 a
1038 512 1232 574 Sipylo,

196 614 273 647 me
297 599 415 647 licet
440 599 628 647 aeratis
653 600 979 663 adstringant
1002 600 1244 649 bracchia
1269 601 1438 662 nodiS,

99 694 156 735 10
261 688 363 734 sint
385 701 500 735 mea
526 688 603 735 vel
631 687 841 736 Danaes
869 688 1078 736 condita
1103 689 1330 737 membra
1355 689 1527 748 dome,

193 775 245 822 in
272 782 322 823 te
348 790 445 836 ego
474 783 525 822 ct
549 783 751 822 aeratas
779 790 1031 837 rumpam,
1064 790 1179 823 mea
1202 776 1321 836 vita,
1357 783 1582 838 catenas,

263 863 504 911 ferratam
528 863 737 910 Danaes
764 863 1154 925 transiliamque
1182 864 1407 913 domum.

192 952 254 999 dc
279 959 330 999 te
354 952 716 1013 quodcumque
741 952 806 998 ad
832 952 1011 999 surdas
1038 953 1163 1000 mihi
1191 953 1377 1001 dicitur
1401 968 1574 1003 auresz

262 1047 318 1087 tu
343 1039 497 1086 modo
523 1053 589 1086 ne
615 1039 792 1087 dubita
819 1039 879 1087 de
906 1041 1157 1102 gravitate
1182 1056 1312 1089 mea.

91 1136 151 1177 15
193 1141 311 1175 ossa
335 1126 427 1174 tibi
453 1127 568 1174 iuro
595 1140 685 1189 per
708 1127 885 1174 matris
914 1135 965 1176 et
991 1109 1108 1176 o'ssa
1134 1129 1358 1191 parentis

265 1215 334 1278 (si
360 1214 503 1274 sanc,
534 1215 665 1262 cinis
691 1214 792 1262 heu
817 1217 884 1262 sit
906 1216 1032 1263 mihi
1056 1223 1272 1278 uterque
1297 1216 1464 1278 gravis
1483 1216 1525 1280 Σ)

189 1318 273 1352 me
297 1303 390 1351 tibi
415 1302 480 1350 ad
507 1309 757 1350 extremas
782 1316 1100 1362 mansurum,
1132 1305 1253 1363 vita,
1283 1306 1550 1353 tenebras:

262 1391 441 1439 ambos
466 1405 572 1437 una
598 1390 722 1438 fides
751 1389 963 1450 auferet,
996 1406 1102 1438 una
1126 1392 1251 1440 dies.

193 1479 332 1542 quod
359 1478 401 1527 si
428 1493 524 1527 nec
551 1493 739 1530 nomen
766 1495 865 1530 nec
890 1494 971 1528 me
999 1487 1088 1528 tua
1114 1479 1282 1528 forma
1305 1486 1515 1540 teneret,

86 1576 150 1616 20
263 1576 439 1631 posset
464 1570 724 1617 servitium
751 1570 873 1617 mitc
898 1575 1071 1616 tenere
1096 1576 1258 1616 tuum.

193 1658 413 1720 septima
437 1658 538 1705 iam
564 1658 749 1721 plenae
775 1657 1048 1705 deducitur
1073 1657 1242 1705 orbita
1266 1657 1440 1716 lunae,

265 1760 381 1793 cum
407 1745 469 1793 de
492 1760 574 1793 me
601 1753 651 1793 et
675 1746 736 1793 de
764 1753 813 1794 te
840 1746 1065 1807 compita
1089 1746 1236 1793 nulla
1253 1752 1461 1794 tacent:

189 1834 386 1883 interea
411 1834 562 1882 nobis
588 1848 695 1881 non
721 1848 1004 1896 numquam
1028 1833 1185 1881 ianua
1209 1833 1399 1894 molliS‚

265 1937 372 1970 non
399 1935 679 1983 numquam
702 1922 822 1970 lecti
850 1922 1002 1984 copia
1026 1921 1165 1969 facta
1189 1922 1280 1969 tui.

84 2019 149 2059 25
192 2024 290 2058 nec
315 2009 437 2056 mihi
463 2009 757 2058 muneribus
784 2024 890 2056 nox
916 2009 1024 2056 ulla
1051 2015 1127 2056 est
1153 2015 1326 2071 empta
1350 2009 1540 2057 beatis:

268 2097 516 2159 quidquid
542 2111 697 2156 eram,
729 2096 828 2144 hoc
853 2096 1010 2143 animi
1037 2096 1200 2158 gratia
1225 2110 1416 2157 magna
1438 2096 1529 2144 tui.

193 2201 313 2234 cum
336 2193 387 2233 te
411 2194 516 2233 tam
541 2184 689 2232 multi
716 2191 964 2247 peterent,
999 2191 1053 2231 tu
1077 2198 1157 2231 me
1183 2198 1288 2231 una
1313 2182 1508 2246 petisti:

265 2288 478 2336 possum
505 2287 600 2334 ego
630 2279 843 2319 naturae
868 2286 974 2319 non
1001 2271 1295 2319 meminisse
1319 2271 1470 2319 tuae?

193 2368 304 2409 tum
329 2375 409 2408 me
434 2361 514 2408 vel
541 2359 767 2421 tragicae
791 2359 985 2407 vexetis
1013 2360 1236 2420 erinye8‚
1269 2366 1320 2406 et
1344 2373 1425 2407 me

85 2458 149 2499 30
264 2448 469 2497 inferno
496 2449 724 2507 damnes,
757 2449 946 2506 Aeaee,
979 2447 1186 2507 iudicio,

192 2545 350 2599 atque
374 2537 508 2585 inter
530 2536 666 2597 Tityi
693 2536 928 2583 volucres
954 2549 1070 2583 mea
1097 2549 1268 2597 poena
1291 2542 1520 2597 vagetur,

266 2632 479 2686 tumque
506 2638 602 2686 ego
630 2623 870 2686 Sisyphio
896 2637 1024 2670 saxa
1047 2623 1225 2671 labore
1251 2636 1441 2684 geram.
