1942 3000
743 163 923 201 menn
950 163 1069 201 1111.
1547 159 1650 209 307

108 332 131 372 5
171 331 307 385 turpe
334 328 428 379 est,
461 319 602 382 quod
627 333 874 382 nequeaS,
904 319 1059 381 capiti
1084 319 1398 368 committere
1430 319 1651 383 pondus,

235 417 280 457 et
303 423 538 472 pressum
565 407 756 455 inflexo
782 421 906 455 mox
930 407 1057 455 dare
1080 415 1224 469 terga
1248 421 1403 469 genu.

170 497 333 546 omnia
358 511 467 545 non
493 496 683 560 pariter
708 511 877 545 rerum
902 503 1024 544 sunt
1048 496 1297 544 omnibus·
1312 503 1449 559 apta,

232 587 365 635 fama
390 600 487 634 nec
514 599 579 634 ex
603 599 773 648 aequo
798 586 1006 634 ducitur
1034 585 1141 633 ulla
1162 584 1303 647 iugo,

17 711 20 722 ζ
167 676 326 738 gloria
349 673 578 736 Lysippo
606 681 683 722 est
707 674 942 722 animosa
967 674 1215 735 effingere
1241 673 1407 735 signa,

17 743 20 802 ἶ
68 774 126 813 10
233 762 425 811 exactis
452 761 677 810 Calamis
704 776 759 810 se
784 762 907 809 mihi
934 762 1091 810 iactat
1116 760 1282 822 cquiS,

17 807 20 900 ἔ
164 852 217 900 in
240 850 455 899 Veneris
484 850 662 898 tabula
686 864 940 898 summam
965 850 1062 898 sibi
1092 849 1240 913 ponit
1260 848 1495 912 ApelleS‚

230 939 542 988 Parrhasius
558 954 715 1002 parva
739 939 964 989 vindicat
989 948 1097 988 arte
1122 940 1312 997 locum,

17 991 20 1080 ξ
162 1035 460 1091 argumenta
485 1027 648 1100 magis
676 1035 796 1076 sunt
818 1028 1070 1076 Mentoris
1095 1027 1270 1075 addita
1294 1027 1509 1086 formae,

17 1103 18 1106 Ἴ
232 1125 282 1164 at
307 1117 455 1177 Myos
484 1116 726 1179 exiguum
753 1117 911 1165 flectit
934 1117 1184 1165 acanthus
1218 1116 1333 1176 iter,

23 1257 28 1264 ,
60 1215 122 1254 15
161 1204 431 1252 Phidiacus
460 1204 609 1266 signo
636 1219 692 1252 se
716 1205 947 1267 Iuppiter
974 1212 1125 1252 ornat
1151 1205 1367 1262 ebur-nc,

17 1289 18 1292 ’
231 1293 522 1340 Praxitelen
550 1293 716 1355 patria
741 1293 963 1341 vindicat
988 1294 1115 1341 urbe
1138 1292 1290 1354 lapis.

163 1390 238 1431 cst
264 1382 450 1444 quibus
477 1380 634 1429 Eleae
662 1381 923 1429 concurrit
947 1381 1120 1444 palma
1145 1380 1443 1442 quadrigae,

234 1478 307 1519 est
338 1469 525 1532 quibus
552 1469 606 1517 in
634 1468 825 1517 celeres
854 1469 1021 1531 gloria
1046 1475 1170 1516 nata
1195 1467 1367 1531 pedes,

160 1559 242 1607 hic
270 1566 410 1607 satus
438 1558 502 1606 ad
528 1572 727 1621 pacem,
759 1557 842 1605 hic
868 1556 1215 1605 castrensibus
1243 1554 1382 1603 utilis
1409 1554 1580 1603 armis.

51 1656 117 1698 20
232 1657 447 1694 naturae
471 1645 703 1708 sequitur
727 1644 924 1692 semina
951 1643 1169 1705 quisque
1194 1655 1335 1690 suae.

159 1743 214 1783 at
239 1743 345 1792 tua,
377 1734 672 1794 MaecenaS,
706 1733 840 1781 vitae
866 1718 1142 1795 praeceleta
1167 1729 1357 1793 recepi,

233 1837 395 1885 cogor
423 1830 471 1871 et
496 1823 743 1886 exemplis
771 1829 820 1870 te
844 1835 1092 1885 superare
1117 1820 1237 1869 tuis.

159 1927 279 1960 cum
305 1911 400 1960 tibi
424 1910 659 1960 Romano
686 1912 918 1959 dominas
942 1911 998 1958 in
1024 1911 1224 1958 honore
1249 1922 1455 1958 secures

231 2008 282 2048 et
307 2000 462 2048 liceat
486 2000 656 2048 medio
683 2014 877 2062 ponere
899 2000 1015 2047 iura
1040 1998 1175 2057 fore,

37 2100 110 2141 25
155 2088 237 2136 vel
266 2088 362 2137 tibi
387 2088 657 2136 Medorum
684 2101 945 2150 pugnaces
971 2087 1048 2134 ire
1073 2100 1166 2149 per
1189 2085 1362 2134 hastas

233 2185 389 2239 atque
415 2189 631 2225 onerare
659 2184 801 2223 tuam
827 2176 929 2223 fixa
953 2189 1046 2238 per
1070 2189 1213 2222 arma
1237 2173 1464 2233 domum,

156 2274 209 2315 et
236 2266 331 2315 tibi
357 2266 421 2314 ad
449 2256 685 2314 effectum
710 2264 839 2312 vires
865 2263 950 2312 det
976 2261 1185 2321 Caesar,
1219 2269 1268 2311 et
1292 2260 1431 2309 omni

230 2362 464 2418 tempore
491 2361 597 2402 tam
621 2352 799 2401 faciles
827 2352 1153 2401 insinuentur
1179 2364 1323 2413 opes,

151 2443 353 2507 par-cie,
386 2450 437 2491 et
460 2443 514 2490 in
540 2450 720 2491 tenues
747 2441 994 2489 humilem
1017 2447 1068 2488 te
1095 2439 1297 2501 colligis
1322 2437 1547 2496 umbrae,

21 2545 56 2587 3
73 2541 104 2582 ο
230 2531 466 2580 velorum
491 2532 674 2596 plenos
701 2528 959 2578 subtrahis
987 2529 1099 2592 ipse
1125 2528 1288 2576 sinuS.

153 2620 314 2669 crede
341 2619 485 2679 mihi,
518 2633 736 2683 magnos
762 2618 1062 2681 aequabunt
1086 2617 1185 2665 ista
1211 2613 1458 2664 Camillos

1249 2722 1340 2770 20·
