1942 3000
831 177 1030 216 mmm.
1588 172 1656 223 91

279 333 539 397 ingratum
564 333 818 383 tremulist
840 334 931 383 illa
958 334 1186 397 parentis
1214 348 1362 382 onus.

209 436 307 471 nee
331 430 502 471 tamen
530 423 621 470 illa
647 422 768 470 mihi
795 423 977 471 dextra
1003 423 1221 472 deducta
1247 430 1460 485 paterna

281 510 593 572 fragrantem
617 512 832 573 Assyrio
859 512 998 559 venit
1024 512 1183 559 odore
1207 511 1432 570 domum,

76 608 176 648 145
206 599 297 648 sed
323 600 509 647 furtiva
535 599 673 647 dedit
700 615 815 648 rara
838 600 1146 649 munuscula
1173 607 1343 658 nocte,

280 688 442 751 ipsius
469 702 533 736 ex
557 689 670 751 ipso
699 689 901 752 dempta
926 689 1016 736 viri
1045 689 1257 750 gremio,

211 791 370 839 quare
396 777 525 826 illud
553 777 677 826 satis
704 784 799 837 est,
829 778 873 826 si
898 777 1049 825 nobis
1076 777 1120 826 is
1148 776 1299 824 datur
1322 791 1454 826 unus

281 879 434 928 quem
460 866 628 928 lapide
652 866 744 914 illa
774 866 908 914 diem
933 865 1229 914 candidiore
1255 873 1416 914 notat.

206 953 306 1002 hoc
331 953 422 1002 tibi
450 969 552 1017 quo
580 954 724 1017 potui
750 953 1043 1004 confectum
1069 954 1294 1003 carmine
1317 969 1505 1003 munus

75 1050 175 1090 150
279 1056 374 1103 pro
400 1042 591 1102 multis,
620 1043 747 1102 Alli,
779 1042 1007 1090 redditur
1030 1042 1234 1101 offleii8‚

208 1144 275 1179 ne
300 1137 522 1178 vestrum
549 1132 729 1180 scabra
753 1138 934 1194 tangat
958 1130 1194 1194 robigine
1220 1145 1410 1181 nomen

280 1218 405 1267 haec
431 1228 586 1283 atque
612 1220 704 1268 illa
729 1220 836 1268 dies
862 1226 1018 1283 atque
1043 1220 1144 1268 alia
1170 1226 1325 1283 atque
1350 1219 1471 1267 alia.

205 1307 307 1356 hue
332 1308 519 1356 addent
544 1308 643 1356 divi
670 1324 823 1372 quam
850 1309 1088 1372 plurima,
1120 1322 1253 1371 quae
1278 1308 1486 1356 Themis
1520 1307 1645 1356 olim

284 1397 505 1460 antiquis
534 1397 687 1446 solita
713 1404 790 1446 est
814 1411 1027 1447 munera
1052 1396 1186 1445 ferre
1212 1395 1331 1460 piis.

80 1495 173 1536 155
205 1485 319 1536 sitis
344 1485 520 1534 felices
549 1493 598 1535 et
622 1494 679 1534 tu
703 1486 855 1536 simul
884 1493 935 1535 et
957 1493 1046 1535 tua
1071 1485 1191 1545 vita,

280 1583 330 1623 et
356 1575 534 1622 domus
562 1576 674 1638 ipsa
699 1576 753 1624 in
781 1591 884 1639 qua
907 1575 1139 1634 lusimus,
1175 1580 1224 1622 et
1249 1573 1473 1633 domina,

208 1673 259 1712 et
284 1663 372 1726 qui
398 1663 652 1727 principio
681 1664 829 1713 nobis
855 1667 881 1724 †
905 1671 1092 1711 terram
1117 1662 1255 1711 dedit
1279 1662 1461 1720 aufert,

277 1767 308 1800 a
333 1766 436 1814 quo
463 1759 584 1800 sunt
609 1753 773 1815 primo
798 1752 866 1800 mi
895 1752 1070 1801 omnia
1095 1758 1218 1799 nata
1244 1752 1399 1810 bone,

206 1846 258 1888 et
282 1839 438 1903 longe
464 1847 582 1889 ante
609 1855 786 1889 omnes
812 1840 937 1889 mihi
963 1853 1097 1902 quae
1121 1853 1202 1888 me
1229 1839 1397 1888 carior
1418 1839 1602 1902 ipsost,

77 1937 172 1977 160
277 1928 371 1976 lux
396 1943 524 1987 mea,
557 1944 660 1991 qua
685 1929 796 1977 viva
822 1929 990 1978 vivere
1015 1927 1165 1977 dulce
1187 1928 1376 1977 mihist.

768 2115 1087 2123 ——-

793 2297 1058 2348 valm.

200 2458 322 2507 Noli
347 2458 602 2519 admirari,
633 2471 793 2521 quare
817 2458 912 2506 tibi
937 2458 1130 2507 femina
1157 2457 1318 2517 nulla,

273 2546 424 2607 Rufe,
456 2547 577 2596 velit
601 2555 835 2596 tenerum
860 2547 1195 2608 supposuisse
1220 2546 1401 2605 femur,

202 2650 310 2684 non
334 2636 376 2683 si
404 2635 548 2685 illam
574 2650 718 2684 rarae
745 2635 1026 2684 labefactes
1050 2648 1262 2683 munere
1285 2633 1437 2683 vestis
