1942 3000
809 188 988 226 nnn-,11
1016 188 1058 226 1.
1578 184 1684 234 129

261 345 580 393 consultant:
624 345 823 392 eunetis
850 344 1006 392 ianua
1031 357 1209 392 nostra
1235 351 1392 407 patet.

191 441 386 496 tempus
416 434 527 493 erit,
560 448 677 481 oum
702 447 784 481 me
808 433 1025 481 Veneris
1053 441 1326 495 praecepta
1351 433 1601 482 ferentem

30 513 43 530 ³
95 531 152 571 80
261 523 478 571 deducat
500 523 741 570 iuvenum
766 521 946 569 sedula
970 522 1121 569 turba
1148 535 1339 569 senem.

191 611 286 659 heu
310 612 412 658 heu
437 626 591 673 quam
618 611 879 672 Marathus
907 610 1049 658 lento
1075 624 1156 658 me
1180 618 1387 673 torquet
1410 611 1611 658 amore!

246 700 502 762 'deficiunt
526 707 677 756 artes,
710 699 1056 760 deficiuntque
1081 699 1204 746 doli.

190 803 357 850 parce,
389 802 532 850 puer,
567 801 779 850 quaeso,
813 801 877 835 ue
903 788 1063 849 turpis
1091 786 1265 834 fabula
1293 787 1427 846 fiam,

259 893 377 926 cum
400 891 517 926 mea
541 876 781 924 ridebunt
806 890 936 923 vana
962 875 1274 936 magisteria.

897 1246 962 1295 V.

184 1408 355 1470 Asper
380 1421 517 1456 eram
542 1416 593 1455 et
618 1409 749 1454 bene
775 1407 1046 1454 discidium
1071 1421 1153 1453 me
1178 1406 1310 1454 ferre
1335 1406 1614 1468 loquebar:

261 1503 313 1544 at
337 1494 460 1543 mihi
488 1511 625 1543 nunc
650 1496 806 1557 longe
832 1494 1000 1557 gloria
1025 1493 1169 1542 sortis
1196 1494 1355 1542 abest.

185 1599 410 1646 namque
435 1598 592 1646 agor,
636 1592 693 1632 ut
728 1599 819 1646 per
852 1583 1011 1645 plana
1046 1583 1177 1631 citus
1204 1583 1318 1630 sola
1343 1583 1550 1631 verbere
1575 1591 1682 1631 tur-

395 1674 511 1732 ben,

255 1776 410 1823 quem
436 1762 572 1810 celer
596 1762 807 1809 adsueta
832 1768 999 1809 versat
1023 1761 1087 1808 ab
1114 1768 1222 1808 arte
1246 1774 1389 1822 puer.

108 1861 134 1898 5
179 1865 273 1898 ure
298 1852 463 1898 ferum
490 1859 539 1898 et
563 1860 764 1913 torque,
798 1851 956 1898 libeat
981 1864 1047 1898 ne
1073 1850 1244 1898 dicere
1269 1850 1547 1912 quicquam

250 1940 581 2000 magnificum
606 1948 723 2001 post
748 1940 904 1987 haec:
948 1938 1157 1986 horrida
1181 1939 1333 1986 verba
1358 1939 1527 1987 doma.

177 2042 335 2091 parce
359 2037 548 2087 tamen,
580 2042 672 2090 per
696 2036 746 2076 te
771 2027 942 2075 furtivi
972 2027 1181 2074 foedera
1206 2026 1341 2085 lecti,

252 2131 345 2180 per
369 2116 622 2164 Venerem
649 2130 841 2178 quaeso
870 2116 1300 2177 conpositumque
1327 2123 1496 2178 eaput.

177 2205 271 2253 ille
300 2220 414 2267 ego,
448 2220 563 2253 cum
589 2205 719 2253 tristi
746 2206 925 2253 morbo
954 2206 1156 2253 defessa
1180 2205 1393 2263 iacereS,

70 2302 128 2343 10
253 2301 304 2341 te
332 2294 476 2342 dicor
500 2294 630 2341 votis
658 2293 905 2355 eripuisse
930 2293 1076 2351 meis,

173 2383 393 2446 ipseque
417 2390 467 2431 te
493 2383 683 2430 circum
708 2382 918 2429 lustravi
944 2381 1139 2429 sulfure
1165 2395 1313 2443 puro,

250 2471 478 2519 carmine
503 2486 619 2519 cum
643 2470 845 2532 magico
872 2470 1244 2533 praecinuisset
1267 2484 1424 2517 anus:

171 2561 288 2622 ipse
314 2560 585 2622 procuravi
611 2574 677 2607 ne
701 2566 913 2622 possent
936 2573 1087 2606 saeva
1113 2573 1298 2606 nocere

249 2648 468 2707 somnia,
498 2656 575 2696 ter
600 2656 778 2696 sancta
803 2647 1154 2695 deveneranda
1179 2648 1348 2694 mola:

170 2750 321 2786 Tibull.
371 2750 433 2785 ed.
454 2750 497 2785 ΙΙ.
1324 2760 1348 2799 9
