1942 3000
729 171 904 209 LIBER
932 170 1046 209 1111.
1534 170 1636 220 301

145 331 234 379 ille
257 335 425 392 potest
451 328 595 376 nullo
621 328 861 376 miseram
886 343 968 376 me
993 329 1229 391 linquere
1255 329 1392 377 facto

217 425 266 466 et
290 418 495 480 qualem
519 416 664 488 nulla
691 417 859 466 dicere
886 418 1076 466 habere
1103 418 1273 465 domo·

148 506 332 569 gaudet
354 520 436 553 me
461 520 623 553 vacuo
649 506 815 554 solam
839 507 1103 555 tabescere
1129 506 1282 554 lecto·

179 613 184 618 ·
218 596 256 644 si
281 596 466 658 placet,
499 594 729 655 insultet,
761 595 1043 657 Lygdame,
1076 601 1240 643 morte
1266 610 1398 644 mea.

46 693 107 733 25
149 698 254 732 non
277 696 356 730 me
381 682 606 731 moribus
633 682 741 741 illa,
774 683 864 730 sed
891 682 1060 730 herbis
1085 682 1305 745 inproba
1331 683 1480 732 vicit:

217 770 464 820 staminea
487 770 689 818 rhombi
714 770 917 818 ducitur
939 770 1031 818 ille
1057 777 1200 819 rota:

144 859 288 908 illum
311 858 561 922 turgentis
589 872 746 906 ranae
772 864 1014 921 portenta
1044 860 1254 907 rubetae

218 956 266 995 et
289 948 424 995 lecta
449 947 639 995 exectis
664 947 921 1008 anguibus
948 961 1069 994 ossa
1094 928 1320 1007 trahunt,

148 1042 197 1084 et
220 1036 389 1098 strigis
417 1034 654 1084 inventae
679 1050 771 1099 per
795 1037 945 1085 busta
970 1037 1194 1085 iacentia
1219 1037 1441 1099 plumae,

40 1133 102 1174 30
216 1123 488 1185 vinctaque
512 1123 721 1171 funesto
747 1124 901 1173 lanea
924 1124 1052 1172 vitta
1079 1131 1212 1174 toro·

145 1211 187 1260 si
211 1225 318 1258 non
343 1225 476 1258 vana
500 1218 692 1259 canunt
716 1226 831 1259 mea
856 1213 1075 1271 somnia,
1106 1213 1385 1276 Lygdame‚
1424 1221 1602 1273 testor,

216 1313 388 1361 poena
412 1299 509 1346 erit
533 1305 651 1346 ante
674 1313 817 1347 meos
844 1314 978 1360 sera,
1010 1301 1101 1348 sed
1128 1303 1318 1364 ampla,
1349 1302 1523 1365 pede3‚

146 1388 310 1451 putris
338 1393 388 1435 et
411 1387 466 1433 in
491 1402 654 1435 vacuo
681 1394 883 1436 texetur
906 1404 1096 1437 aranea
1121 1391 1275 1449 lecte,

213 1476 455 1526 noctibus
482 1475 692 1524 illorum
719 1476 936 1526 dormiet
967 1477 1082 1540 ipsa
1107 1479 1352 1527 VenuS.’‹

37 1576 100 1617 35
146 1579 280 1630 quae
305 1565 396 1613 tibi
424 1565 467 1613 si
494 1565 627 1613 veris
653 1564 834 1613 animis
864 1574 941 1614 est
967 1575 1150 1629 questa
1175 1568 1367 1629 puella,

216 1652 313 1700 hac
343 1653 520 1700 eadem
545 1667 739 1711 rursus,
770 1652 1053 1713 Lygdame,
1086 1668 1231 1703 curre
1257 1655 1354 1715 via,

145 1749 196 1790 et
218 1756 335 1789 mea
361 1757 478 1790 cum
503 1742 681 1790 multis
707 1742 931 1790 lacrimis
957 1742 1200 1790 mandata
1224 1750 1448 1807 reporta,

216 1831 362 1890 iram,
395 1845 502 1879 non
526 1831 731 1880 fraudes
758 1846 870 1880 esse
896 1831 950 1878 in
979 1845 1154 1879 amore
1179 1846 1312 1880 meo.

142 1934 227 1968 me
253 1935 460 1982 quoque
487 1921 741 1969 consimili
766 1921 1054 1984 inpositum
1077 1921 1365 1982 torquerier
1387 1921 1496 1982 igni

32 2017 100 2058 40
215 2009 399 2057 iurabo
427 2016 476 2056 et
503 2009 579 2057 bis
609 2023 699 2057 sex
722 2009 924 2070 integer
948 2023 1061 2056 esse
1088 2008 1215 2056 dies,

143 2097 285 2160 quod
310 2097 434 2145 mihi
460 2097 503 2145 si
531 2111 559 2145 e
583 2103 727 2144 tanto
755 2097 881 2144 felix
906 2097 1185 2145 concordia
1211 2098 1349 2145 bello
1408 2124 1415 2137 ι

215 2186 457 2246 extiterit,
489 2200 581 2248 per
605 2200 703 2245 me,
736 2185 1016 2248 Lygdame,
1047 2186 1178 2235 liber
1202 2187 1320 2235 eris.

738 2425 1049 2434 ——
