1942 3000
801 189 980 228 Lmen
1009 187 1072 227 11.
1581 183 1684 238 243

129 354 153 392 5
194 359 404 408 possum
430 358 527 408 ego
553 346 607 393 in
635 346 843 394 alterius
868 347 1091 409 positam
1116 349 1350 410 spectare
1375 347 1567 396 lacerto
1584 348 1609 395 ἲ

265 448 360 482 nec
384 447 498 482 mea
524 417 721 483 dicetur
746 450 881 498 quae
903 435 1060 484 modo
1085 435 1222 483 dicta
1247 435 1441 484 meast?

195 523 370 571 omnia
392 530 673 572 vertuntur.
728 531 866 573 certe
891 531 1157 573 vertuntur
1181 537 1410 573 amores:

264 611 482 660 vinceris
507 619 598 660 aut
622 612 801 671 vinci8‚
834 613 962 661 haec
988 613 1043 661 in
1068 626 1243 661 amore
1267 619 1448 661 rotast.

192 700 367 763 magni
393 714 547 763 saepe
573 700 746 759 duces,
779 702 954 763 magni
981 701 1208 750 cecidere
1234 701 1458 763 tyranni,

94 796 153 837 10
264 796 315 836 et
337 789 547 837 Thebae
572 795 819 837 steterunt
843 789 1053 852 altaque
1076 789 1236 837 Troia
1261 788 1373 837 fuit.

192 891 407 925 munera
432 882 626 940 quanta
650 877 784 936 dedi,
817 877 897 925 vel
923 877 1102 939 qualia
1128 877 1354 925 carmina
1378 873 1505 925 feci!
1593 913 1596 918 .

263 964 356 1013 illa
379 972 551 1013 tamen
578 980 862 1028 numquam
885 964 1054 1014 ferrea
1078 965 1210 1013 dixit
1232 966 1407 1013 ‘am0.'

194 1156 316 1205 ergo
340 1141 445 1189 iam
466 1142 657 1192 multos
683 1143 898 1191 nimium
922 1143 1222 1191 temerarius
1252 1157 1434 1202 annon,

262 1231 500 1293 inproba,
532 1231 621 1294 qui
645 1233 850 1281 tulerim
873 1240 1030 1295 teque
1054 1240 1299 1295 tuamque
1325 1232 1553 1290 domum,

90 1416 151 1458 15
194 1409 532 1471 ecquandone
555 1407 650 1457 tibi
676 1408 807 1457 liber
833 1424 947 1457 sum
971 1408 1144 1457 visus?
1182 1424 1248 1457 an
1276 1422 1441 1471 usque

261 1496 318 1545 in
343 1504 576 1546 nostrum
600 1497 755 1546 iacies
783 1499 938 1547 verba
964 1499 1188 1562 superba
1215 1496 1404 1562 caput?

192 1586 266 1634 sic
289 1585 458 1648 igitur
472 1586 637 1649 prima
659 1587 879 1635 moriere
904 1594 1089 1646 aetate,
1123 1585 1393 1650 Properti?

264 1675 350 1722 sed
376 1689 594 1735 morere,
626 1675 835 1724 interitu
859 1676 1082 1738 gaudeat
1106 1675 1199 1723 illa
1224 1682 1330 1733 tu0‚

194 1764 420 1825 exagitet
445 1770 650 1812 nostros
680 1779 875 1823 manee,
909 1771 1131 1812 sectetur
1157 1770 1208 1812 et
1235 1764 1457 1820 umbrae,

88 1859 152 1901 20
263 1852 576 1915 insultetque
600 1853 759 1915 rogis,
792 1853 955 1901 calcet
981 1860 1032 1901 et
1057 1867 1176 1901 ossa
1202 1868 1333 1900 mea.

194 1941 353 2003 quid?
389 1955 497 1988 non
523 1941 813 2004 Antigones
847 1942 1048 1989 tumulo
1073 1941 1322 1989 Boeotius
1349 1940 1584 1989 Haemon

265 2029 456 2077 corruit
479 2029 590 2091 ipse
614 2043 709 2078 suo
736 2031 941 2078 saucius
967 2044 1093 2078 ense
1115 2031 1250 2078 latus

195 2123 246 2164 et
270 2131 364 2164 sua
390 2131 507 2165 cum
530 2117 747 2166 miserae
773 2117 1072 2179 permiscuit
1097 2131 1217 2185 ossa
1251 2117 1472 2180 puellae,

0 2201 17 2230 *
267 2220 371 2267 qua
398 2205 509 2253 sino
533 2204 835 2253 Thebanam
862 2205 1031 2253 noluit
1054 2205 1129 2253 ire
1155 2206 1399 2254 domum?

4 2357 5 2366 ἵ
87 2302 150 2342 25
195 2294 283 2342 sed
311 2308 417 2342 non
445 2292 685 2356 effugies:
730 2306 930 2342 mecum
954 2294 1190 2343 moriaris
1219 2300 1450 2357 oportet:

3 2398 19 2431 ι
265 2382 364 2430 hoc
392 2381 572 2430 eodem
596 2380 735 2430 ferro
761 2381 920 2429 stillet
944 2389 1161 2445 uterque
1187 2397 1354 2431 cruor.

194 2470 423 2534 quamvis
449 2471 548 2518 ista
572 2470 698 2518 mihi
724 2484 861 2518 mors
888 2478 966 2519 est
990 2471 1267 2519 inhonesta
1291 2470 1479 2519 futura.

266 2573 403 2608 mors
427 2560 703 2608 inhonesta
728 2559 952 2622 quidem,
986 2567 1043 2607 tu
1068 2559 1286 2608 moriere
1309 2566 1500 2607 tamen.

192 2649 284 2696 ille
310 2650 463 2697 etiam
489 2649 702 2711 abrepta
726 2648 957 2696 desertus
985 2647 1206 2710 coniuge
1230 2646 1465 2694 Achilles

1282 2754 1371 2802 16·
