1942 3000
159 691 223 730 40

159 1130 223 1171 45

162 1572 221 1613 50

162 2011 224 2052 55

159 2449 219 2490 60

264 168 372 220 312
854 168 1175 207 PROPERTII

333 326 482 376 tollet
506 326 651 375 nulla
675 325 782 374 dies
807 325 942 374 hanc
966 324 1080 383 tibi,
1111 323 1296 381 Roma,
1327 329 1522 371 notam.

262 417 426 465 issent
448 416 738 477 Phlegraeo
766 414 948 463 melius
973 413 1068 461 tibi
1094 412 1280 460 funera
1305 425 1506 473 camp0‚

334 505 412 553 vel
441 512 531 552 tua
557 504 601 552 si
626 516 805 551 socero
833 502 971 550 colla
997 502 1207 549 daturus
1237 513 1367 548 eraS.

264 594 459 643 scilicet
484 591 669 641 incesti
695 590 937 638 meretrix
963 589 1144 651 regina
1169 587 1372 650 Canopi

340 682 469 745 (una
493 680 764 742 Philippeo
792 678 1045 739 sanguine
1071 676 1254 725 adusta
1279 674 1428 738 nota)

264 784 389 818 ausa
412 769 522 817 Iovi
551 775 727 816 nostro
753 768 1028 815 latrantem
1055 779 1319 829 opponere
1342 763 1594 822 Anubim,

335 865 387 906 et
409 857 637 906 Tiberim
660 855 763 903 Nili
787 869 973 917 cogere
999 854 1135 932 ferre
1156 854 1340 913 minae,

262 946 655 1006 Romanamque
679 944 855 991 tubam
882 944 1153 1005 crepitanti
1179 943 1371 1005 pellere
1397 941 1569 1000 sistro,

335 1034 542 1082 baridos
570 1039 621 1081 et
645 1031 807 1082 contis
834 1039 1005 1080 rostra
1028 1031 1262 1080 Liburna
1288 1029 1452 1092 sequi,

263 1121 519 1184 foedaque
543 1120 770 1182 Tarpeio
799 1120 1023 1183 conopia
1047 1119 1256 1168 tendere
1279 1133 1426 1177 sarm,

333 1209 446 1257 iura
472 1209 595 1257 <lare
620 1215 670 1257 et
694 1215 888 1257 statuas
913 1209 1050 1256 inter
1076 1216 1126 1257 et
1159 1223 1301 1256 arma
1324 1205 1476 1254 Mari.

264 1297 386 1362 quid
415 1312 555 1345 nunc
579 1298 847 1360 Tarquinii
874 1297 1064 1345 fractas
1091 1297 1228 1345 iuvat
1254 1310 1366 1344 csse
1393 1308 1616 1352 secureS,

337 1386 550 1435 nomine
574 1400 729 1448 quem
754 1386 911 1434 simili
937 1386 1038 1433 vita
1065 1386 1289 1448 superba
1312 1389 1475 1441 notat,

263 1474 307 1524 si
331 1475 519 1523 mulier
543 1474 785 1538 patienda
810 1474 943 1523 fuit?
984 1488 1128 1538 cape,
1160 1472 1343 1532 Roma,
1376 1470 1714 1535 triumphum,

338 1572 388 1613 et
414 1566 631 1628 longum
653 1565 892 1626 Augusto
920 1564 1061 1611 salva
1088 1576 1299 1626 procare
1323 1561 1475 1608 diem.

263 1652 438 1717 fugisti
466 1661 638 1701 tamen
663 1653 719 1700 in
745 1652 907 1700 timidi
934 1666 1066 1713 vaga
1092 1651 1304 1699 flumina
1329 1649 1464 1697 Nili:

336 1755 583 1804 accepere
608 1749 728 1788 tuae
754 1740 976 1788 Romula
1002 1740 1172 1787 vincla
1196 1753 1397 1787 manus.

264 1829 505 1877 bracchia
529 1829 754 1890 spectavi
782 1828 939 1875 sacris
967 1828 1207 1875 admorsa
1230 1827 1480 1886 colubris,

271 1960 278 1964 ,
336 1924 385 1964 ct
409 1916 609 1963 trahere
636 1915 897 1963 occultum
920 1915 1153 1962 membra
1178 1915 1382 1978 soporis
1409 1914 1523 1963 iter.

263 2003 386 2050 ‘non
412 2003 529 2063 hoc,
561 2002 743 2063 Roma,
778 2003 853 2051 fui
880 2011 1024 2050 tanto
1053 2002 1147 2051 tibi
1176 2004 1284 2053 cive
1317 2004 1556 2052 verenda'

337 2091 466 2140 dixit
489 2092 558 2140 ‘et
581 2092 797 2141 adsiduo
823 2092 1005 2155 lingua
1030 2094 1234 2156 sepulta
1258 2093 1440 2142 mero.'

265 2188 460 2244 septem
484 2182 605 2229 urbs
632 2181 737 2228 alta
762 2181 916 2244 iugis,
950 2188 1060 2230 toto
1089 2197 1223 2245 quae
1247 2180 1502 2244 praesidet
1528 2178 1660 2234 orbi,

335 2269 583 2317 femineas
611 2269 779 2317 timuit
804 2270 981 2318 territa
1003 2251 1171 2318 Marte
1196 2270 1378 2318 minas,

265 2357 577 2405 Hannibalis
605 2358 777 2419 spolia
804 2365 853 2405 et
877 2358 995 2406 victi
1020 2358 1336 2405 monimenta
1362 2351 1610 2416 Syphacis

336 2453 386 2492 et
409 2445 591 2506 Pyrrhi
617 2445 679 2492 ad
708 2453 911 2493 nostros
940 2445 1110 2506 gloria
1136 2444 1299 2491 fracta
1324 2443 1498 2505 p'edeS,

260 2528 466 2579 Curtius
496 2533 710 2595 expletis
735 2533 913 2581 statuit
938 2532 1258 2579 monimenta
1285 2531 1510 2591 lamnia,

331 2626 383 2665 at
407 2619 599 2668 Decius
626 2621 784 2668 misso
811 2619 1008 2683 proelia
1033 2619 1173 2681 rupit
1199 2634 1352 2683 equ0‚
