1942 3000
163 513 225 555 90

159 952 223 996 95

162 2373 219 2413 10

266 166 374 217 174
890 170 1133 209 ‘rmum

339 327 419 375 cui
443 334 544 375 tres
572 334 693 375 sunt
718 327 930 389 linguae
956 328 1399 390 tergeminumque
1425 336 1596 390 caput,

268 415 542 478 Scyllaque
567 416 851 477 virgineam
876 417 1090 465 canibus
1119 417 1382 465 succincta
1408 417 1641 478 figuram,

338 519 432 552 nec
457 511 508 552 te
533 511 835 567 conceptam
863 519 1016 553 saeva
1040 506 1223 553 leaena-
1250 505 1382 565 tulit,

266 593 485 641 barbara
509 606 605 640 nec
631 592 868 654 Scythiae
892 593 1046 641 tellus
1072 594 1389 642 horrendave
1416 593 1595 655 SyrtiS,

335 681 424 729 sed
451 682 589 729 culta
613 690 664 729 et
689 682 828 730 duris
856 697 963 730 uon
990 682 1269 731 habitanda
1292 683 1474 730 domus

266 778 316 818 et
339 771 496 832 longe
521 778 642 818 aute
667 770 794 818 alias
822 784 1001 819 omnes
1029 771 1296 820 mitissima
1322 780 1485 819 mater

336 859 481 921 isque
505 867 651 921 pater
674 873 779 922 quo
805 873 912 907 non
937 860 1069 907 alter
1093 860 1381 908 amabilior,

264 948 391 995 haec
416 947 539 995 deus
564 947 618 995 in
643 948 825 996 melius
852 949 1081 996 crudelia
1105 948 1308 997 somnia
1332 955 1495 996 vertat

282 1015 287 1020 ’
335 1045 386 1084 et
409 1036 583 1084 iubeat
607 1036 808 1099 tepidos
834 1036 990 1085 inrita
1015 1036 1147 1085 ferre
1175 1046 1346 1085 notos,

852 1223 1168 1231 Ἠ

969 1408 1037 1456 V.

262 1568 370 1617 Vos
396 1576 552 1629 tenet,
582 1569 809 1617 Etruscis
836 1576 1013 1617 manat
1038 1583 1170 1630 quae
1196 1568 1423 1617 fontibus
1452 1569 1608 1628 unda,

334 1658 472 1705 unda
496 1659 591 1706 sub
618 1658 867 1706 aestivum
892 1672 998 1705 non
1026 1657 1261 1706 adeunda
1287 1672 1485 1716 canem,

263 1761 402 1794 nunc
427 1754 598 1794 autem
624 1747 783 1794 sacris
809 1746 1054 1794 Baiarum
1081 1746 1316 1808 proxima
1340 1746 1581 1809 lymphi5‚

334 1849 449 1883 cum
474 1850 530 1883 se
555 1848 812 1897 purpureo
840 1849 956 1882 vere
985 1833 1193 1882 remittit
1218 1834 1428 1883 humus:

262 1931 315 1972 at
338 1923 462 1971 mihi
488 1923 817 1986 Persephone
843 1923 1045 1985 nigram
1072 1922 1339 1972 denuntiat
1363 1923 1573 1972 horamz

330 2011 566 2079 inmerito
591 2012 761 2060 iuveni
788 2025 942 2074 parce
968 2024 1175 2069 nocere,
1211 2011 1321 2060 dea.

261 2114 368 2147 non
396 2115 491 2162 ego
519 2100 759 2163 temptavi
786 2100 918 2148 nulli
946 2100 1242 2149 temeranda
1266 2100 1494 2148 virorum

332 2189 502 2236 audax
526 2188 817 2237 laudandae
841 2202 989 2236 sacra
1014 2189 1199 2237 docere
1224 2189 1367 2247 deae,

262 2291 357 2325 nec
382 2291 498 2325 mea
520 2277 796 2325 mortiferis
823 2277 1004 2325 infecit
1029 2277 1217 2340 pocula
1242 2278 1378 2326 sucis

335 2366 544 2414 dextera
570 2380 664 2414 nec
691 2365 930 2428 cuiquam
955 2366 1075 2413 trita
1099 2379 1296 2413 venena
1322 2365 1475 2424 dedit,

262 2469 356 2502 nec
382 2470 478 2503 nos
501 2454 737 2516 sacrilegi
763 2454 966 2517 templis
993 2453 1309 2503 admovimus
1335 2454 1501 2515 ignee,

332 2556 426 2590 nec
453 2558 544 2591 cor
567 2543 848 2591 sollicitant
874 2544 1012 2591 facta
1037 2542 1262 2591 nefanda
1287 2557 1473 2602 meum,

262 2645 359 2679 nec
382 2646 478 2680 nos
503 2632 719 2681 insanae
744 2631 1045 2681 meditantes
1072 2631 1237 2693 iurgia
1261 2631 1447 2680 mentis
