1942 3000
318 158 387 207 74
912 161 1170 200 CATULLI

319 317 563 365 flammati
589 316 922 366 Phaethontis
950 327 1002 366 et
1025 319 1163 368 aeria
1188 334 1450 382 cupressu.

319 406 444 453 haec
473 406 663 453 circum
690 406 834 455 sedes
863 406 965 455 late
992 415 1235 456 contexta
1259 409 1464 469 locavit,

316 494 623 542 vestibulum
647 502 704 541 ut
726 495 873 543 molli
900 497 1122 544 velatum
1147 496 1330 544 fronde
1354 498 1556 546 vireret.

70 566 99 610 ‘⁵
118 604 150 656 7
315 589 433 645 post
458 583 595 630 hunc
622 582 956 646 consequitur
982 585 1178 657 sollerti
1206 586 1358 634 corde
1381 586 1734 646 PrometheuS,

73 652 83 671 ⁸
187 679 286 720 295
317 678 591 719 extenuata
615 685 798 733 gerens
824 672 1007 720 veteris
1035 673 1247 734 vestigia
1272 689 1471 736 poenae

317 774 473 822 quam
489 759 751 821 quondam
767 759 1016 821 Scythicis
1045 762 1303 809 restrictus
1330 764 1558 811 membra
1582 772 1761 812 catena

314 848 560 911 persolvit
586 849 814 910 pendens
845 863 871 896 e
897 849 1167 898 verticibus
1193 851 1497 913 praeruptis

313 936 434 985 inde
461 944 606 999 pater
631 936 804 984 divum
829 944 1008 985 sancta
1033 953 1148 985 cum
1175 940 1396 1002 coniuge
1421 941 1656 1003 natisque

315 1025 522 1073 advenit
547 1024 709 1085 cae10,
741 1032 793 1073 te
818 1026 1004 1085 solum,
1036 1026 1262 1086 Phoebe,
1295 1029 1594 1090 relinquens

188 1119 284 1161 300
316 1112 695 1176 unigenamque
720 1114 870 1161 simul
899 1114 1160 1162 cultricem
1184 1117 1441 1164 montibus
1468 1117 1600 1165 Idri:

315 1201 470 1249 Pelea
495 1216 615 1248 nam
640 1209 808 1249 tecum
833 1202 1022 1264 pariter
1048 1218 1196 1251 soror
1219 1204 1574 1267 adspernatast

315 1304 410 1337 nec
435 1290 662 1338 Thetidis
690 1291 864 1339 taedas
891 1291 1052 1339 voluit
1078 1293 1336 1341 celebrare
1360 1293 1565 1356 iugalis.

317 1379 405 1440 qui
429 1387 707 1441 postquam
732 1379 891 1428 niveis
919 1380 1174 1428 flexerunt
1200 1381 1403 1430 sedibus
1430 1390 1588 1442 artus,

315 1467 457 1531 large
482 1467 753 1531 multiplici
780 1476 1104 1517 constructae
1131 1476 1249 1518 sunt
1275 1469 1405 1533 dape
1430 1484 1657 1530 mensae,

187 1565 283 1605 305
315 1571 431 1604 curn
457 1557 652 1605 interea
678 1558 880 1606 infirmo
908 1558 1193 1620 quatientes
1221 1573 1440 1621 corpora
1464 1557 1605 1606 m'otu

311 1644 560 1693 veridicos
589 1660 774 1708 parcae
802 1654 1084 1708 coeperunt
1109 1646 1257 1694 edere
1284 1654 1483 1694 cantus.

310 1733 386 1781 his
415 1747 599 1795 corpus
627 1735 899 1781 tremulum
925 1734 1254 1796 conplectens
1281 1734 1508 1796 undique
1532 1734 1687 1784 vestis

314 1821 531 1869 candida
556 1836 814 1884 purpurea
837 1821 967 1869 talos
994 1821 1279 1870 incinxerat
1305 1836 1413 1882 ora,

313 1918 365 1958 at
389 1923 538 1958 roseo
568 1909 743 1957 niveae
768 1909 1063 1957 residebant
1086 1910 1274 1958 vertice
1298 1910 1467 1971 vittae,

185 2006 283 2047 310
312 2007 680 2059 aeternumque
706 2012 889 2045 manus
917 1998 1197 2060 carpebant
1220 1999 1314 2047 rite
1340 2000 1586 2048 laborem.

312 2087 457 2135 laeva
483 2087 652 2134 colum
678 2086 822 2133 molli
850 2086 970 2133 lana
996 2086 1249 2135 retinebat
1272 2088 1534 2148 amictum,

311 2176 520 2223 dextera
547 2183 654 2222 tum
678 2174 853 2223 leviter
879 2175 1135 2224 deducens
1163 2176 1251 2223 fila
1276 2177 1473 2239 supinis

311 2263 565 2311 formabat
589 2263 780 2326 digitis,
813 2271 921 2311 tum
946 2278 1113 2326 prono
1138 2264 1192 2313 in
1217 2265 1407 2327 pollice
1432 2273 1678 2326 torquens

311 2352 555 2400 libratum
579 2351 722 2400 tereti
749 2354 984 2400 versabat
1008 2352 1211 2401 turbine
1237 2353 1425 2413 fusum,

186 2446 211 2488 3
229 2448 239 2487 ι
257 2449 281 2488 5
312 2448 466 2502 atque
489 2440 562 2488 ita
587 2440 865 2503 decerpens
891 2443 1147 2503 aequabat
1172 2456 1372 2505 semper
1399 2457 1529 2505 opus
1558 2442 1700 2501 dens,

310 2528 563 2592 laneaque
589 2530 798 2578 aridulis
825 2531 1107 2579 haerebant
1131 2545 1303 2579 morsa
1327 2531 1550 2588 labellis,

312 2633 444 2681 quae
468 2619 609 2681 prius
637 2619 690 2666 in
719 2619 818 2668 levi
844 2620 1051 2668 fuerant
1075 2619 1299 2668 extantia
1326 2620 1441 2667 filo:
