1942 3000
315 150 420 201 128
939 155 1181 193 'nnuma

313 312 357 360 si
383 311 522 359 volet
545 326 704 370 arma,
736 310 835 358 levi
861 311 1133 374 temptabis
1159 312 1334 360 ludere
1361 313 1567 361 dextra:
1643 309 1647 313 *

385 415 538 463 saepe
564 401 708 449 dabis
737 401 948 460 nudum,
981 398 1152 448 vincat
1175 408 1233 448 ut
1255 400 1362 461 ille,
1394 401 1546 448 lat-us,
1587 405 1588 408 ’

314 498 424 539 tum
449 489 542 538 tibi
567 490 702 537 mitis
733 490 844 548 erit,
878 491 1050 552 rapias
1079 497 1189 538 tum
1216 505 1336 537 cara
1361 489 1537 538 licebit

385 579 596 627 oscula:
642 578 911 640 pugnabit,
943 578 1033 625 sed
1058 585 1232 647 tamen
1258 584 1378 640 apta
1404 578 1558 626 dabit.

210 677 273 718 55
314 675 461 730 rapta
486 667 627 715 dabit
651 667 835 734 primo,
875 681 1001 714 mox
1026 666 1206 715 offeret
1229 666 1340 728 ipse
1366 668 1590 729 roganti,

385 763 506 819 post
531 756 683 804 etiam
710 756 847 804 collo
875 770 931 803 se
956 754 1258 818 inplicuisse
1282 756 1435 803 volet.

312 846 414 894 heu
438 845 573 893 male
601 859 739 892 nunc
764 853 897 892 artes
923 845 1136 892 miseras
1164 844 1291 893 haec
1316 845 1527 892 saecula
1552 851 1802 893 tractant:

384 934 488 981 iam
512 941 657 982 tener
680 933 910 981 adsuevit
933 946 1148 981 munera
1173 933 1305 981 velle
1331 946 1472 995 puer.

312 1029 365 1069 at
388 1029 493 1081 tua,
528 1022 613 1083 qui
643 1021 900 1069 Venerem
925 1021 1144 1069 docuisti
1170 1020 1388 1069 vendere
1414 1020 1627 1082 primUS,

208 1119 272 1160 60
385 1108 618 1173 quisquis
645 1123 716 1168 ee,
746 1108 931 1157 infelix
955 1116 1137 1171 urgeat
1164 1122 1283 1156 ossa
1309 1108 1479 1171 lapiS.'

310 1198 558 1258 PieridaS,
591 1198 753 1260 pueri,
787 1198 966 1245 doctos
996 1205 1046 1245 et
1069 1204 1237 1245 amate
1261 1204 1458 1259 poetaS,

383 1302 540 1336 aurea
564 1301 659 1335 nec
684 1294 928 1349 superent
951 1300 1165 1334 munera
1188 1285 1436 1334 PieridaS.

312 1378 538 1427 carmine
564 1390 820 1440 purpurea
847 1383 925 1425 est
948 1375 1058 1423 Nisi
1085 1390 1261 1424 coma:
1306 1375 1533 1424 carmina
1560 1375 1612 1422 ni
1636 1375 1755 1434 sint,

384 1481 449 1516 ex
476 1479 650 1515 umero
677 1465 884 1528 Pelopis
910 1479 1019 1514 non
1047 1464 1283 1514 nituisset
1312 1465 1452 1513 ebur.

209 1564 272 1606 65
315 1570 469 1620 quem
494 1556 715 1603 reserent
739 1568 933 1614 musae,
964 1554 1099 1602 vivet
1126 1554 1246 1601 dum
1272 1553 1461 1600 robora
1485 1553 1657 1610 tellus,

175 1625 179 1629 '
385 1644 507 1692 dum
532 1644 731 1692 caelum
755 1643 948 1701 stellaS,
982 1642 1103 1690 dum
1128 1642 1274 1689 vehet
1300 1641 1466 1689 amnis
1493 1655 1670 1702 aquas,

313 1741 368 1782 at
392 1732 479 1796 qui
506 1747 613 1780 non
641 1732 784 1780 audit
807 1746 999 1789 musae,
1033 1731 1119 1792 qui
1146 1730 1318 1778 vendit
1342 1743 1588 1787 amorem,

383 1821 569 1870 Idaeae
595 1835 772 1868 currus
799 1819 887 1867 ille
913 1827 1157 1881 sequatur
1183 1816 1310 1881 Opis

313 1918 365 1959 et
388 1917 710 1959 tercentenas
737 1908 994 1956 erroribus
1021 1907 1226 1970 expleat
1251 1907 1390 1955 urbis

210 2007 271 2047 70
385 2006 434 2046 et
460 2005 601 2046 secet
625 1997 689 2044 ad
714 1996 962 2058 Phrygios
988 1996 1108 2043 vilia
1134 1996 1363 2044 membra
1386 1996 1586 2044 modos,

313 2086 573 2136 blanditiis
599 2086 707 2133 vult
732 2096 844 2134 ess‘e
870 2085 1043 2133 locum
1067 2085 1243 2133 Venus
1273 2085 1414 2148 ipsa:
1460 2086 1702 2148 querellis

383 2173 721 2237 supplicibus,
752 2173 950 2222 miseris
979 2174 1182 2222 fletibus
1209 2174 1301 2221 illa
1326 2174 1500 2222 favet.'

311 2263 438 2312 haec
465 2262 606 2322 mihi,
642 2276 774 2325 quae
800 2276 1039 2310 canerem
1061 2263 1219 2321 Titio,
1251 2263 1374 2311 deus
1404 2263 1561 2311 edidit
1586 2277 1704 2312 ore:

382 2351 472 2400 sed
495 2351 689 2399 Titium
716 2351 946 2400 coniunx
970 2351 1098 2399 haec
1121 2350 1415 2400 meminisse
1438 2360 1589 2400 vetat.

207 2448 230 2489 7
245 2450 269 2490 5
309 2447 490 2504 pareat
515 2439 603 2488 ille
629 2454 780 2488 suae:
823 2454 912 2488 ves
938 2454 1021 2488 me
1047 2440 1300 2488 celebrate
1324 2440 1642 2502 magistrum,

382 2545 512 2594 quos
538 2530 673 2578 male
698 2530 855 2579 habet
878 2531 1040 2578 multa
1067 2528 1281 2578 callidus
1308 2536 1417 2577 arte
1442 2543 1586 2592 puer.

310 2619 478 2683 gloria
503 2619 688 2682 cuique
714 2634 807 2668 sua
835 2627 940 2667 est:
972 2633 1072 2678 me,
1107 2619 1196 2681 qui
1222 2626 1543 2681 spernentur,
1576 2624 1804 2665 amantes
