1942 3000
288 167 394 217 360
868 172 1184 214 rnorem-11

360 325 448 373 sed
476 327 643 385 breve,
676 327 815 389 quod
842 342 1050 376 currens
1078 335 1248 375 vector
1274 328 1337 375 ab
1363 329 1489 376 urbe
1514 329 1673 391 legat,

184 423 245 463 85
285 414 395 462 ‘hic
420 414 692 463 Tiburtina
715 416 848 463 iacet
873 429 1029 462 aurea
1054 414 1273 477 Cynthia
1296 423 1446 463 terra.

358 502 577 551 accessit
600 504 744 565 ripae
769 504 899 562 laus,
930 502 1154 562 Aniene,
1187 504 1346 551 tuae.³

285 604 381 639 nec
404 600 459 637 tu
484 604 669 653 sperne
697 590 791 653 piis
820 591 1076 638 venientia
1100 591 1301 638 somnia
1327 591 1516 653 portis:

356 692 472 725 cum
497 678 583 740 pia
606 686 853 725 venerunt
876 678 1094 737 somnia,
1126 677 1327 741 pondus
1354 677 1562 726 habent.

284 773 434 813 nocte
459 780 619 827 vagae
646 765 857 814 ferimur
885 766 1016 829 (nox
1043 766 1245 813 clausas
1272 765 1459 813 liberat
1482 766 1741 831 umbras),

180 860 241 900 90
355 860 488 901 errat
513 860 564 902 et
588 853 788 901 abiecta
815 853 1068 902 Cerberus
1096 854 1206 916 ipse
1232 868 1362 902 sera.

283 941 398 989 luce
424 942 607 990 iubent
630 942 770 1004 leges
795 942 1025 990 Lethaea
1050 942 1114 990 ad
1141 949 1326 1004 stagna
1350 942 1557 991 reverti:

354 1044 449 1077 nos
475 1030 720 1088 vehimur,
754 1037 952 1078 vectum
978 1038 1390 1078 nautarecenset
1416 1045 1565 1079 onus.

283 1131 421 1164 nunc
446 1124 495 1165 te
521 1117 819 1180 possideant
843 1118 1004 1166 aliae:
1047 1133 1169 1166 mox
1195 1119 1308 1166 sola
1334 1120 1546 1167 tenebo:
1620 1113 1625 1118 ’

352 1218 553 1253 mecum
578 1206 696 1264 eris,
730 1213 780 1253 et
802 1206 972 1254 mixtis
1001 1205 1203 1254 ossibus
1231 1219 1349 1253 ossa
1375 1206 1575 1253 teram.'

179 1298 241 1339 95
282 1292 410 1341 haec
433 1299 707 1355 postquam
732 1294 948 1355 querula
972 1307 1175 1341 mecum
1197 1294 1293 1341 sub
1311 1293 1409 1353 Jite
1435 1294 1649 1356 peregit,

352 1379 487 1428 inter
514 1382 797 1443 conplexus
824 1382 1013 1430 excidit
1037 1383 1218 1429 umbra
1241 1394 1401 1429 meos

951 1751 1093 1799 VIII.

273 1907 431 1956 Disce
458 1908 578 1969 quid
603 1907 857 1969 Esquilias
886 1907 984 1955 hac
1010 1916 1164 1956 nocte
1190 1907 1379 1970 fugarit
1403 1922 1646 1970 aquom,

348 2010 462 2043 cum
489 1996 656 2043 vicina
681 1995 826 2042 novis
852 1996 1002 2042 turba
1029 1997 1252 2044 cucurrit
1276 1996 1430 2059 agris.

276 2082 563 2130 Lanuvium
588 2083 772 2130 annosi
799 2090 939 2130 vetus
968 2091 1045 2131 est
1069 2084 1229 2132 tutela
1253 2084 1517 2133 draconis:

347 2170 464 2228 huc,
496 2170 585 2217 ubi
609 2177 713 2218 tam
737 2184 882 2217 rarae
908 2185 1015 2218 non
1041 2170 1174 2232 perit
1196 2171 1324 2219 hora
1348 2186 1539 2231 morae,

207 2267 231 2304 5
275 2272 376 2320 qua
402 2271 547 2306 sacer
570 2257 818 2319 abripitur
843 2272 999 2305 caeco
1026 2258 1300 2306 descensus
1329 2260 1489 2319 hiatu,

343 2360 445 2406 qua
470 2353 704 2406 penetrat
731 2344 917 2406 (virge,
950 2346 1052 2393 tale
1077 2345 1174 2393 iter
1200 2360 1353 2394 omne
1379 2347 1525 2409 cave)

229 2467 238 2472 .
269 2431 427 2479 ieiuni
454 2433 703 2493 serpentis
730 2433 916 2490 honos,
952 2446 1069 2478 cum
1094 2433 1285 2494 pabula
1312 2435 1480 2496 poscit

340 2533 516 2566 annua
543 2526 592 2567 et
616 2534 680 2567 ex
704 2520 807 2567 ima
832 2520 984 2568 sibila
1009 2528 1214 2582 torquet
1239 2522 1395 2571 humo

269 2604 415 2667 (talia
442 2606 688 2654 demissae
714 2607 911 2669 pallent
936 2607 1001 2653 ad
1029 2621 1176 2656 sacra
1202 2611 1423 2671 puellae,
