1942 3000
299 157 407 207 288
887 156 1206 195 rnorem-11

295 330 499 380 semper
522 314 575 363 in
602 314 825 363 absentis
851 313 1056 362 felicior
1079 320 1250 360 aestus
1277 319 1538 359 amantes:

372 406 534 455 elevat
556 405 799 454 adsiduos
825 402 978 465 copia
1002 401 1161 462 longa
1185 399 1340 447 viros.

922 842 1171 891 XXXIII.

298 1022 408 1072 Cur
433 1021 706 1084 quisquam
731 1019 918 1068 faciem
943 1019 1183 1066 dominae
1206 1018 1310 1067 iam
1336 1018 1496 1066 credit
1520 1017 1723 1067 amico?

372 1110 446 1158 sic
473 1115 648 1171 erepta
670 1107 796 1155 mihi
821 1121 987 1170 paene
1013 1097 1188 1169 puella
1211 1113 1390 1154 meast.

302 1204 541 1261 expertus
568 1196 703 1256 dico,
736 1210 888 1244 nemo
916 1194 1071 1243 estin
1098 1208 1273 1242 amore
1297 1194 1490 1243 fidelis:

371 1287 653 1334 formosam
677 1300 791 1333 raro
818 1298 926 1333 non
955 1282 1054 1332 sibi
1082 1283 1300 1345 quisque
1325 1283 1471 1346 petit.

230 1385 258 1424 5
300 1374 489 1439 polluit
511 1374 601 1423 ille
625 1374 751 1422 deus
780 1379 1050 1435 cognatos,
1080 1371 1233 1420 solvit
1257 1372 1470 1432 amiam,

371 1469 421 1513 et
446 1464 576 1513 bene
602 1462 884 1513 concordes
912 1461 1077 1511 tristia
1100 1461 1166 1510 ad
1191 1475 1335 1510 arma
1357 1467 1522 1510 vocat.

299 1553 488 1616 hospes
514 1553 568 1600 in
594 1551 875 1615 hospitium
897 1551 1139 1600 Menelao
1165 1550 1303 1599 venit
1327 1549 1552 1598 adulter:

376 1640 587 1691 Colchis
615 1648 666 1690 et
687 1641 925 1705 ignotum
948 1654 1128 1688 nonne
1151 1646 1327 1688 secuta
1352 1636 1590 1686 virumst'?

302 1729 533 1792 Lyncea,
564 1737 689 1778 tune
712 1744 882 1778 meam
905 1728 1137 1792 potuisti,
1169 1727 1377 1791 perfide,
1411 1741 1587 1774 curam

203 1827 263 1867 ιο
375 1818 622 1880 tangere?
656 1832 830 1866 nonne
853 1825 972 1866 tuae
997 1823 1105 1863 tum
1133 1815 1360 1864 cecidere
1384 1814 1604 1865 manus?

306 1907 426 1969 quid
454 1906 497 1954 si
523 1920 630 1953 non
658 1913 901 1954 constans
927 1904 1023 1952 illa
1048 1911 1100 1951 et
1124 1910 1229 1951 tam
1256 1913 1396 1952 certa
1421 1903 1640 1952 fuisset?

376 2008 553 2058 posses
581 1994 634 2040 in
660 2001 803 2041 tanto
832 1993 1000 2041 vivere
1024 1991 1255 2055 flagitio?

304 2091 362 2131 tu
384 2082 510 2130 mihi
536 2082 615 2129 vel
642 2081 779 2130 ferro
805 2088 985 2144 pectus
1011 2082 1092 2129 vel
1118 2082 1274 2145 perde
1299 2095 1523 2130 veneno:

375 2186 407 2220 a
431 2171 641 2219 domina
665 2177 866 2219 tantum
890 2179 941 2219 te
964 2170 1120 2218 modo
1147 2172 1275 2219 tolle
1298 2185 1430 2218 mea.

205 2269 265 2309 15
307 2265 357 2307 te
383 2258 580 2307 socium
604 2259 756 2319 vitae,
789 2266 839 2309 te
866 2260 1096 2322 corporis
1125 2274 1238 2308 esse
1264 2259 1464 2307 licebit:

374 2355 427 2395 te
452 2347 717 2396 dominum
742 2348 954 2397 admitto
983 2349 1151 2407 rebus,
1183 2346 1362 2405 amice,
1393 2344 1544 2394 meis:

306 2436 442 2485 lecto
470 2443 520 2485 te
546 2437 732 2494 solum,
761 2436 898 2485 lecto
924 2442 973 2483 te
1000 2435 1246 2497 deprecor
1271 2448 1394 2483 un0.

376 2526 586 2574 rivalem
610 2539 820 2587 possum
846 2538 954 2572 non
980 2537 1077 2584 ego
1103 2521 1238 2570 ferre
1261 2523 1453 2573 Iovem.

304 2612 417 2676 ipse
441 2628 582 2663 meas
607 2615 768 2674 soluS,
803 2612 942 2675 quod
967 2611 1043 2659 nil
1069 2618 1163 2672 est,
1193 2613 1428 2663 aemulor
1453 2615 1677 2674 umbra-⁴3,
