1942 3000
790 150 969 188 mmm
1000 151 1040 188 1.
1557 148 1660 201 205

170 322 276 354 non
301 307 497 370 inpune
521 305 673 355 feres.
751 307 878 355 sciet
900 307 1029 355 haec
1053 306 1236 355 insana
1261 308 1452 370 puella,

242 402 293 443 et
315 395 409 444 tibi
434 410 541 443 non
566 395 734 444 tacitis
759 395 971 444 vocibus
996 395 1158 444 hostis
1185 396 1305 444 erit:

171 499 266 532 nec
290 484 382 533 tibi
408 498 490 531 me
516 492 634 546 post
659 484 784 533 haec
811 484 1093 532 committet
1119 483 1354 547 Cynthia,
1385 500 1482 534 nec
1506 494 1557 534 te

68 580 129 622 2ο
241 580 478 636 quaeret:
523 574 618 621 erit
641 573 771 621 tanti
796 572 1020 620 criminis
1046 573 1139 621 illa
1162 588 1373 634 memor,

172 669 221 710 et
244 670 293 709 te
318 662 512 710 circum
537 662 703 709 omnis
730 661 858 710 alias
885 661 1015 709 irata
1039 661 1236 724 puellas

239 750 460 799 differet:
502 749 604 798 heu
627 750 774 797 nullo
800 750 979 797 limine
1004 764 1150 798 carus
1178 749 1294 798 eris,

167 840 338 888 nullas
363 839 458 887 illa
482 838 587 887 suis
616 845 910 887 contemnet
932 838 1136 887 fletibus
1163 854 1294 898 arae,

240 936 290 976 et
314 928 627 991 quicumque
650 940 809 986 sacer,
842 927 1029 989 qualis,
1060 927 1268 989 ubique,
1298 928 1446 990 lapis.

66 1024 126 1065 25
167 1032 273 1065 non
302 1016 409 1064 ullo
435 1016 639 1078 gravius
665 1022 942 1077 temptatur
966 1014 1187 1077 Cynthia
1209 1017 1416 1077 damnO,

239 1120 395 1168 quam
419 1105 518 1153 sibi
544 1118 661 1153 cum
685 1111 832 1166 rapto
860 1112 1027 1154 cessat
1051 1120 1227 1154 amore
1254 1106 1398 1165 dem,

171 1194 450 1257 praecipue
473 1200 668 1241 nostro,
744 1201 952 1242 maneat
974 1195 1049 1243 sic
1075 1209 1291 1258 semper,
1322 1195 1499 1254 adore,

243 1297 340 1332 nec
366 1282 642 1345 quicquam
667 1296 733 1330 ex
754 1282 848 1331 illa
873 1283 1014 1345 quod
1039 1297 1227 1346 querar
1248 1282 1524 1332 inveniam.

758 1486 1075 1494 ——-————.

885 1725 951 1773 V.

167 1902 366 1962 Invide‚
397 1910 454 1950 tu
479 1903 685 1951 tandem
708 1917 857 1951 voces
886 1916 1141 1965 conpesce
1165 1902 1426 1962 molestae,

244 1998 294 2039 et
317 1991 431 2040 sine
455 2006 549 2040 nos
579 2007 749 2051 cursu,
782 2006 885 2054 quo
912 2007 1106 2051 sumus,
1138 1992 1213 2040 ire
1238 2006 1403 2054 pares,

171 2080 297 2143 quid
324 2079 418 2128 tibi
443 2080 534 2140 viS‚
566 2079 785 2128 insane?
820 2094 966 2128 meae
993 2080 1182 2128 sentire
1207 2079 1443 2129 furores?

242 2169 441 2228 infelix,
474 2182 719 2232 properas
745 2168 926 2216 ult-ima
952 2182 1107 2216 nosse
1131 2169 1283 2227 mala,

99 2266 126 2305 5
171 2263 223 2305 et
246 2256 403 2305 miser
426 2258 634 2319 ignotos
662 2257 879 2319 vestigia
903 2256 1038 2305 ferre
1064 2272 1156 2320 per
1179 2257 1344 2319 igneS‚

244 2353 294 2394 et
319 2346 494 2394 bibere
520 2360 548 2394 e
573 2353 683 2394 tota
706 2346 881 2394 toxica
906 2346 1191 2395 Thessalia.

167 2449 277 2483 non
307 2441 384 2483 cst
404 2434 495 2482 illa
518 2434 661 2496 vagis
688 2434 888 2492 similis,
922 2436 1147 2495 conlata,
1179 2435 1394 2498 puellis:

241 2523 467 2571 molliter
491 2522 644 2571 irasci
670 2537 776 2570 non
802 2523 929 2571 sciet
953 2523 1047 2571 illa
1073 2524 1183 2573 tibi.

168 2612 310 2675 quod
338 2611 381 2659 si
406 2612 541 2660 forte
564 2611 664 2659 tuis
690 2626 797 2660 non
826 2620 903 2661 est
929 2613 1189 2662 contraria
1212 2613 1361 2671 votiS,
