1942 3000
839 189 1037 228 LIBER.

804 522 1073 573 XXXXV.

182 698 386 745 Acmen
413 699 705 761 Septumius
734 715 855 749 suos
881 716 1083 751 amores

184 795 368 835 tenens
394 788 449 835 in
475 788 670 850 gremio
695 789 844 837 ‘mea’
865 789 1036 852 inquit
1059 790 1257 850 ‘Acme‚

184 876 239 923 ni
264 882 316 924 tc
341 877 534 940 perdite
559 893 675 926 amo
703 886 858 941 atque
885 893 1061 928 amare
1088 895 1242 943 porro

186 979 367 1013 omnes
396 981 509 1014 sum
534 967 748 1016 adsidue
773 975 984 1031 paratus
1011 983 1175 1019 annos

112 1062 140 1101 5
185 1060 436 1116 quantum
465 1054 553 1116 qui
579 1062 701 1118 pote
727 1056 1006 1118 plurimum
1031 1058 1219 1120 perire,

185 1142 331 1190 solus
355 1142 410 1189 in
435 1143 602 1205 Libya
624 1143 875 1206 Indiaque
909 1153 1046 1193 tosta

184 1231 358 1279 caesio
387 1232 587 1280 veniam
614 1233 794 1281 obvius
819 1234 1002 1282 leoni.’

183 1319 289 1368 hoe
315 1329 371 1369 ut
398 1321 541 1381 dixit,
572 1322 752 1382 Amor,
783 1322 994 1372 sinistra
1019 1330 1076 1371 ut
1101 1329 1239 1382 ante,

184 1407 366 1457 dextra
390 1411 610 1460 sternuit
633 1411 1075 1474 adprobationem.

80 1507 141 1548 10
184 1506 240 1546 at
262 1496 426 1547 Acme
449 1499 629 1548 leviter
652 1508 808 1564 caput
832 1500 1102 1551 reflectens

184 1594 236 1635 et
260 1586 425 1636 dulcis
450 1588 594 1650 pueri
622 1589 791 1638 ebrios
820 1589 1018 1638 ocellos

181 1676 276 1724 illo
303 1691 561 1739 purpureo
588 1692 678 1727 ore
702 1678 901 1727 saviata

180 1764 293 1813 ‘sic’
315 1765 500 1827 inquit,
530 1766 662 1814 ‘mea
687 1767 792 1815 vita
817 1766 1143 1829 Septumille‚

180 1853 303 1902 huic
330 1854 418 1901 uni
445 1854 654 1902 domino
678 1870 844 1918 usque
869 1855 1169 1915 serviamuS,

78 1951 97 1990 1
113 1953 139 1990 5
182 1949 242 1991 ut
264 1942 426 1990 multo
452 1943 576 1991 mihi
600 1943 767 1992 maior
790 1944 1062 2006 acriorque

178 2031 316 2094 ignis
342 2032 584 2080 mollibus
611 2032 755 2081 ardet
778 2033 834 2081 in
859 2033 1139 2082 medullis?

184 2121 283 2169 hoc
309 2127 364 2168 ut
389 2120 536 2180 dixit,
566 2121 747 2181 Amor,
778 2121 987 2171 sinistra
1011 2130 1069 2170 ut
1093 2130 1232 2182 ante,

181 2208 362 2256 dextra
387 2210 603 2257 sternuit
625 2209 1068 2273 adprobationem.

183 2311 324 2345 nunc
348 2297 413 2345 ab
440 2298 671 2361 auspicio
697 2298 836 2347 bono
863 2299 1081 2362 profecti

74 2393 139 2435 20
179 2385 371 2434 mutuis
397 2386 580 2435 animis
605 2394 780 2435 amant
814 2394 1069 2435 amantur.

180 2488 339 2522 unam
367 2473 658 2537 Septumius
683 2475 918 2525 misellus
942 2475 1143 2525 Acmen

178 2563 375 2612 mavult
400 2580 554 2627 quam
582 2564 753 2627 Syrias
778 2565 1211 2627 Britanniasque:

177 2668 285 2701 uno
312 2652 367 2702 in
396 2653 661 2717 Septumio
689 2654 853 2703 fidelis
877 2655 1044 2703 Acme

1618 190 1685 240 37
