1942 3000
636 187 879 226 'runnu
911 187 1093 225 uana
1122 188 1187 225 11.
1557 184 1661 235 149

234 345 505 407 vinctaque
532 354 649 407 post
674 345 792 393 olea
819 345 1037 392 candida
1059 346 1210 392 turba
1238 359 1427 393 comas.

160 431 211 479 di
238 432 406 494 patrii,
439 447 718 494 purgamus
747 429 917 494 agros„
951 447 1229 495 purgamus
1256 440 1512 495 agrestes:

234 535 323 568 vos
350 521 487 568 mala
513 521 573 568 de
601 522 789 569 nostris
817 511 993 583 pellite
1018 522 1280 580 limitibus,

161 625 264 658 neu
289 623 436 671 seges
463 610 634 658 eludat
659 624 874 657 messem
898 609 1169 658 fallacibus
1197 611 1385 670 herbis,

45 708 114 747 20
235 712 336 745 neu
361 698 535 746 timeat
563 700 750 746 celeres
778 699 970 746 tardior
996 714 1134 762 agna
1168 700 1336 762 lupos.

161 794 272 834 tum
297 787 488 836 nitidus
517 788 683 849 plenis
711 789 934 835 confisus
962 788 1180 836 rusticus
1207 788 1343 849 agris

231 876 431 938 ingeret
455 876 653 924 ardenti
681 877 898 939 grandia
922 878 1069 939 ligna
1092 875 1231 936 foco,

158 967 413 1028 turbaque
438 980 722 1024 vernarum,
757 967 916 1014 saturi
942 967 1081 1014 bona
1106 966 1257 1028 signa
1282 966 1475 1024 coloni,

234 1053 377 1101 ludet
403 1062 452 1101 et
478 1068 542 1101 ex
568 1053 718 1115 virgis
747 1062 949 1102 extruet
973 1063 1095 1102 ante
1120 1069 1286 1102 casaS.

50 1154 110 1192 25
161 1152 404 1192 eventura
431 1158 642 1205 precor:
686 1144 834 1192 viden
863 1151 918 1191 ut
942 1121 1180 1191 feli-cibus
1208 1142 1339 1191 extis

234 1231 488 1292 significet
511 1232 742 1295 placidos
769 1233 952 1279 nuntia
978 1233 1106 1279 fibra
1132 1231 1254 1279 deos
1270 1231 1294 1278 ’ἓ

157 1335 300 1368 nunc
326 1320 449 1367 mihi
477 1320 707 1368 fumosos
736 1321 916 1368 veteris
943 1320 1170 1382 proferte
1196 1319 1443 1368 Falernos

238 1408 467 1457 consulis
494 1419 544 1457 et
569 1408 699 1457 Chio
728 1409 910 1457 solvite
936 1409 1107 1457 vincla
1133 1408 1281 1457 cado·

159 1498 281 1546 vina
307 1497 441 1546 diem
467 1498 754 1546 celebrent:
799 1512 907 1546 non
932 1497 1065 1545 festa
1090 1496 1205 1545 luce
1230 1495 1436 1545 madere

48 1597 111 1638 30
232 1595 309 1636 est
333 1587 506 1645 rubor,
541 1595 766 1634 errantes
793 1593 844 1633 et
867 1587 1003 1633 male
1028 1585 1161 1633 ferre
1187 1585 1360 1647 pedes.

155 1675 247 1724 sed
271 1676 419 1723 ‘bene
444 1675 759 1723 Messallam'
784 1689 878 1722 sua
905 1675 1125 1737 quisque
1151 1674 1214 1722 ad
1241 1673 1431 1737 pocula
1464 1673 1616 1733 dicat,

232 1779 421 1811 nomen
450 1772 500 1811 et
525 1764 752 1811 absentis
781 1764 988 1825 singula
1012 1763 1167 1810 verba
1192 1769 1394 1810 sonent.

156 1853 327 1915 gentis
353 1853 647 1915 Aquitanae
675 1852 876 1900 celeber
899 1852 1148 1900 Messalla
1173 1851 1444 1914 triumphis

232 1949 281 1988 et
305 1956 494 2003 magna
520 1941 742 1989 intonsis
770 1941 936 2003 gloria
962 1940 1124 1987 victor
1148 1939 1271 1997 avis,

45 2039 110 2079 35
155 2030 260 2077 huc
284 2029 406 2099 ades
433 2029 741 2091 adspiraque
766 2029 905 2088 mihi,
939 2028 1060 2076 dum
1087 2029 1315 2076 carmine
1339 2036 1519 2076 nostro

232 2096 454 2165 redditur
481 2118 720 2180 agricolis
749 2118 914 2180 gratia
941 2116 1226 2165 caelitibus.

158 2221 280 2252 rura
307 2221 436 2254 cano
463 2205 698 2268 rurisque
724 2207 865 2254 deos.
945 2207 1022 2254 his
1050 2207 1153 2253 vita
1177 2204 1433 2266 magistris

230 2294 459 2342 desuevit
483 2309 680 2356 querna
705 2295 897 2357 pellere
923 2294 1112 2357 glande
1141 2294 1356 2341 famem:

158 2382 237 2430 illi
265 2382 548 2444 conpositis
575 2383 793 2444 primum
821 2383 1041 2431 docuere
1064 2382 1246 2444 tigillis

39 2478 64 2517 4
80 2477 108 2516 0
232 2467 470 2530 exiguam
494 2468 638 2516 viridi
666 2469 848 2517 fronde
873 2469 1074 2533 operire
1106 2469 1332 2528 domum,

153 2557 233 2606 illi
263 2557 417 2605 etiam
443 2564 616 2606 tauros
645 2558 794 2620 primi
823 2559 1061 2607 docuisse
1086 2558 1321 2606 feruntur

228 2645 488 2694 servitium
514 2653 564 2694 et
588 2647 818 2709 plaustro
845 2647 1183 2711 supposuisse
1208 2654 1390 2694 rotam.
