1942 3000
781 178 960 216 usim
992 180 1033 217 1.
1555 177 1657 228 125

64 345 123 385 ‘10
232 335 409 395 saevit,
443 343 493 384 et
515 336 616 385 huc
642 336 767 384 illuc
793 336 936 399 inpia
960 338 1112 385 turba
1138 336 1297 399 fugit:

164 434 271 474 tum
294 426 441 487 niger
464 425 519 473 in
546 433 696 489 porta
721 434 1021 488 serpentum
1046 425 1300 475 Cerberus
1328 440 1416 474 ore

233 515 427 573 stridet,
461 522 511 562 et
536 522 734 562 aeratas
763 516 986 563 excubat
1010 523 1131 562 ante
1156 514 1313 562 foreS.

162 603 270 651 illic
293 603 547 651 Iunonem
572 610 820 665 temptare
845 602 1044 650 Ixionis
1071 602 1182 651 ausi

234 698 501 739 versantur
526 691 680 739 celeri
707 691 867 739 noxia
890 692 1120 739 membra
1145 698 1275 750 rota,

60 789 123 830 75
163 786 533 843 porrectusque
557 793 744 827 novem
767 779 946 840 Tityos
976 793 1069 841 per
1094 778 1273 840 iugera
1296 786 1461 827 terrae

234 868 472 917 adsiduas
498 876 611 916 atro
636 867 831 916 viscere
856 867 1023 930 pascit
1047 881 1182 915 aves.

162 958 412 1007 Tantalus
440 956 667 1016 estillic,
701 964 750 1004 et
777 957 971 1005 circum
996 964 1207 1018 stagna:
1250 957 1338 1005 sed
1366 972 1535 1006 acrem

234 1046 337 1093 iam
361 1047 465 1093 iam
488 1045 659 1108 poturi
683 1046 871 1094 deserit
895 1045 1036 1093 unda
1059 1045 1219 1093 sitim:

165 1142 216 1184 et
238 1135 408 1182 Danai
434 1135 626 1197 proleS,
663 1134 881 1183 Veneris
909 1135 1048 1196 quod
1074 1134 1287 1182 numina
1311 1134 1477 1193 laesit,

61 1232 122 1274 80
235 1223 289 1271 in
317 1238 442 1271 cava
465 1223 718 1272 Lethaeas
745 1223 886 1271 dolia
909 1231 1081 1285 portat
1105 1238 1288 1286 aquae.

162 1312 273 1361 illic
299 1312 365 1359 sit
390 1312 701 1375 quicumque
725 1326 869 1360 meos
894 1311 1104 1360 violavit
1126 1326 1346 1371 amores,

239 1401 433 1463 optavit
457 1401 626 1450 lentas
653 1409 706 1449 et
728 1400 851 1449 mihi
877 1401 1105 1449 militias.

165 1498 221 1540 at
245 1496 301 1538 tu
326 1497 469 1539 casta
491 1504 676 1553 precor
699 1505 927 1550 maneoe,
961 1490 1232 1553 sanctique
1256 1490 1466 1554 pudoris

236 1578 466 1627 adsideat
490 1587 664 1628 custos
688 1579 867 1628 sedula
894 1593 1095 1642 semper
1119 1593 1268 1628 anus.

59 1677 121 1719 85
164 1668 293 1717 haec
316 1668 411 1715 tibi
436 1667 653 1716 fabellas
679 1668 869 1717 referat
894 1669 1167 1731 positaque
1192 1669 1404 1717 lucerna

234 1756 453 1804 deducat
477 1756 632 1819 plena
655 1756 876 1805 stamina
900 1757 1061 1818 longa
1088 1757 1223 1815 colo,

163 1853 218 1894 at
243 1844 380 1893 circa
406 1845 646 1906 gravibus
673 1845 847 1908 pensis
873 1845 1045 1894 adfixa
1069 1847 1245 1908 puella

236 1934 508 1996 paullatim
531 1948 716 1982 somno
744 1934 882 1983 sessa
906 1935 1130 1983 remittat
1155 1950 1303 1998 opus.

164 2031 273 2072 tum
300 2024 503 2071 veniam
529 2024 719 2083 subit0,
754 2039 850 2073 nec
875 2025 1152 2087 quisquam
1178 2025 1377 2074 nuntiet
1400 2031 1536 2082 ante,

56 2120 118 2161 90
237 2111 328 2159 sed
353 2112 528 2159 videar
552 2112 696 2160 caelo
721 2112 905 2160 missus
932 2113 1113 2162 adesse
1138 2113 1246 2162 tibi.

164 2208 278 2248 tum
303 2199 447 2259 mihi,
480 2200 646 2263 qualis
674 2200 793 2258 eris,
826 2201 1014 2262 longos
1040 2202 1244 2250 turbata
1269 2201 1507 2264 capillos,

238 2288 391 2337 obvia
415 2290 628 2349 nudato,
660 2289 830 2348 Delia,
864 2305 1012 2338 curre
1038 2291 1185 2353 pede.

161 2378 267 2426 hoc
293 2391 493 2440 precor,
525 2378 663 2426 hunc
688 2378 837 2426 illum
862 2379 1013 2426 nobis
1038 2379 1245 2426 Aurora
1270 2379 1515 2427 nitentem

236 2466 537 2514 Luciferum
561 2465 722 2515 roseis
749 2466 970 2514 candida
994 2475 1164 2529 portet
1188 2466 1351 2528 equis.

1147 2590 1160 2614 )

384 2624 404 2647 δ
