1942 3000
770 167 945 204 mmm
977 166 1089 204 1111.
1551 162 1655 213 185

209 338 327 372 nam
353 322 664 372 circumfuso
691 323 927 372 consistit
950 323 1006 371 in
1033 336 1154 371 aere
1177 323 1332 372 tellus
1364 382 1369 392 ฮน

211 419 258 461 et
284 413 514 474 quinque
536 412 592 460 in
618 420 790 475 partes
815 419 926 461 toto
951 411 1244 475 disponitur
1269 412 1410 460 orbe.

209 508 362 563 atque
388 500 520 548 duae
544 500 715 563 gelido
743 508 1005 549 vastantur
1029 500 1222 562 frigore
1246 513 1475 562 semper:

208 589 315 637 illic
341 596 391 637 et
415 589 575 638 densa
599 590 751 638 tellus
778 589 1111 638 absconditur
1135 589 1335 647 umbra,

84 685 180 727 155
211 685 261 725 et
284 677 430 726 nulla
454 678 660 739 incepto
688 677 969 740 perlabitur
996 675 1135 724 unda
1161 676 1378 738 liquore,

212 765 300 813 sed
326 767 509 813 durata
533 766 664 827 riget
688 765 899 813 densam
924 765 978 811 in
1006 764 1327 828 glaciemque
1351 764 1642 826 nivemque,

211 854 402 917 quippe
427 855 513 902 ubi
538 868 646 901 non
673 868 917 916 umquam
945 852 1096 900 Titan
1123 867 1277 915 super
1301 852 1464 914 egerit
1489 859 1651 901 ortus.

208 948 262 989 at
284 943 452 990 media
478 951 553 990 cst
577 942 773 990 Phoebi
798 956 1001 1004 semper
1024 941 1255 989 subiecta
1281 941 1460 1001 calori,

210 1044 299 1078 seu
325 1031 534 1093 propior
558 1030 703 1079 terris
731 1031 977 1079 aestivum
1001 1030 1160 1078 fertur
1186 1029 1240 1076 in
1268 1029 1444 1078 orbem

85 1125 178 1165 160
209 1131 299 1166 seu
326 1118 461 1166 celer
487 1119 727 1168 hibernas
753 1126 997 1181 properat
1023 1119 1292 1166 decurrere
1314 1118 1488 1166 luces:

209 1221 316 1254 non
342 1207 500 1269 igitur
526 1221 703 1269 presso
730 1208 880 1255 tellus
909 1207 1111 1270 exurgit
1136 1215 1324 1266 amtm,

208 1309 304 1343 nec
330 1295 529 1356 frugem
554 1304 753 1356 segetes
779 1296 1029 1359 praebent
1052 1310 1149 1343 nec
1176 1295 1368 1358 pabula
1392 1302 1585 1343 terraez

207 1397 316 1430 non
341 1383 450 1431 illic
478 1383 602 1431 colit
625 1398 749 1431 arva
774 1384 917 1436 deus,
949 1383 1252 1432 Bacchusve
1278 1382 1513 1443 Ceresve,

208 1471 357 1519 nulla
383 1485 478 1520 nec
504 1479 711 1519 exustas
738 1471 971 1521 habitant
995 1471 1240 1521 animalia
1264 1479 1453 1535 partes.

84 1567 179 1608 165
207 1559 388 1608 fertilis
413 1560 548 1608 hanc
574 1560 707 1608 inter
731 1561 900 1623 posita
925 1567 1003 1609 est
1025 1561 1265 1622 interque
1291 1560 1515 1623 rigentes

208 1656 492 1710 nostraque
516 1657 566 1696 et
591 1648 707 1697 huic
733 1649 945 1697 adversa
970 1650 1085 1697 solo
1111 1664 1228 1711 pars
1255 1650 1416 1697 altera
1441 1657 1641 1709 nostro,

209 1751 337 1798 quas
365 1736 547 1785 similis
572 1737 829 1799 utrimque
854 1744 1034 1785 tenens
1060 1736 1249 1785 vicinia
1274 1737 1403 1785 caeli

209 1832 474 1887 temperat,
506 1826 637 1873 alter
664 1832 713 1873 et
738 1825 948 1874 alterius
976 1825 1106 1874 vires
1133 1833 1285 1873 necat
1310 1839 1427 1873 aer:

206 1912 330 1960 hinc
356 1913 588 1975 placidus
617 1913 764 1961 nobis
789 1927 882 1975 per
905 1922 1138 1976 tempora
1162 1913 1369 1962 vertitur
1393 1928 1591 1961 annus:

81 2009 137 2048 17
152 2010 178 2049 o
208 2000 294 2048 hic
320 2009 372 2048 et
397 2001 532 2049 colla
555 2002 678 2064 iugo
706 2002 880 2050 didicit
904 2002 1207 2051 submittere
1231 2013 1407 2050 taurus

208 2095 260 2137 et
282 2088 425 2136 lenta
450 2090 683 2138 excelsos
709 2090 825 2138 vitis
853 2091 1200 2140 conscendere
1227 2104 1414 2146 ramos,

207 2177 552 2240 tondeturque
579 2192 724 2240 seges
750 2186 976 2227 maturos
1001 2193 1177 2227 annua
1200 2186 1395 2241 partus,

208 2272 262 2313 et
286 2265 421 2313 ferro
447 2266 619 2325 tellus,
652 2274 840 2328 pontus
871 2267 1181 2314 confinditur
1208 2281 1341 2325 aere,

207 2353 334 2416 quin
361 2354 515 2402 etiam
540 2354 745 2402 structis
774 2362 1032 2416 exurgunt
1056 2355 1246 2417 oppida
1271 2355 1448 2402 muris.

76 2450 174 2493 1ยน15
207 2456 351 2504 erg0,
383 2442 472 2490 ubi
500 2443 792 2504 praeclaros
820 2442 1005 2490 cierint
1026 2451 1116 2491 tua
1140 2443 1279 2490 facta
1304 2443 1606 2506 triumphos,

204 2531 349 2579 solus
377 2538 594 2592 utroque
619 2530 755 2578 idem
781 2530 962 2579 diceris
991 2545 1205 2592 magnus
1230 2531 1285 2578 in
1319 2531 1460 2580 orbe.

278 2633 385 2667 non
412 2632 508 2680 ego
536 2632 650 2666 sum
674 2618 797 2666 satis
824 2618 889 2666 ad
914 2626 1090 2667 tantae
1113 2618 1391 2681 praeconia
1415 2618 1600 2677 laudiS,
