<?xml version="1.0" encoding="UTF-8"?>
<!DOCTYPE html PUBLIC "-//W3C//DTD XHTML 1.0 Transitional//EN"
    "http://www.w3.org/TR/xhtml1/DTD/xhtml1-transitional.dtd">
<html xmlns="http://www.w3.org/1999/xhtml" xml:lang="en" lang="en">
 <head>
  <title>
</title>
<meta http-equiv="Content-Type" content="text/html;charset=utf-8" />
  <meta name='ocr-system' content='tesseract 3.04.00' />
  <meta name='ocr-capabilities' content='ocr_page ocr_carea ocr_par ocr_line ocrx_word'/>
</head>
<body>
  <div class='ocr_page' id='page_1' title='image "./catullitibullip02vahlgoog_0226.png"; bbox 0 0 1942 3000; ppageno 0'>
   <div class='ocr_carea' id='block_1_1' title="bbox 254 115 1166 168">
    <p class='ocr_par' dir='ltr' id='par_1_1' title="bbox 254 115 1166 168">
     <span class='ocr_line' id='line_1_1' title="bbox 254 115 1166 168; baseline -0.011 0"><span class='ocrx_word' id='word_1_1' title='bbox 254 115 360 168; x_wconf 78' lang='lat'>216</span> <span class='ocrx_word' id='word_1_2' title='bbox 839 121 1166 161; x_wconf 79' lang='lat' dir='ltr'>PROPERTH</span> 
     </span>
    </p>
   </div>
   <div class='ocr_carea' id='block_1_2' title="bbox 935 345 1167 434">
    <p class='ocr_par' dir='ltr' id='par_1_2' title="bbox 935 345 1167 434">
     <span class='ocr_line' id='line_1_2' title="bbox 935 345 1167 434; baseline -0.009 0"><span class='ocrx_word' id='word_1_3' title='bbox 935 384 1078 434; x_wconf 37' lang='lat' dir='ltr'>xus</span> <span class='ocrx_word' id='word_1_4' title='bbox 1161 345 1167 350; x_wconf 61' lang='grc'>’</span> 
     </span>
    </p>
   </div>
   <div class='ocr_carea' id='block_1_3' title="bbox 141 541 1738 2373">
    <p class='ocr_par' dir='ltr' id='par_1_3' title="bbox 141 541 1738 2373">
     <span class='ocr_line' id='line_1_3' title="bbox 255 541 1568 605; baseline 0 -14"><span class='ocrx_word' id='word_1_5' title='bbox 255 541 388 601; x_wconf 83' lang='lat' dir='ltr'><strong>Quid</strong></span> <span class='ocrx_word' id='word_1_6' title='bbox 413 543 534 590; x_wconf 87' lang='lat' dir='ltr'>mihi</span> <span class='ocrx_word' id='word_1_7' title='bbox 562 543 785 591; x_wconf 79' lang='lat' dir='ltr'>desidiae</span> <span class='ocrx_word' id='word_1_8' title='bbox 812 558 918 591; x_wconf 87' lang='lat' dir='ltr'>non</span> <span class='ocrx_word' id='word_1_9' title='bbox 946 558 1115 591; x_wconf 80' lang='lat' dir='ltr'><strong>cessas</strong></span> <span class='ocrx_word' id='word_1_10' title='bbox 1144 544 1335 605; x_wconf 84' lang='lat' dir='ltr'>fingere</span> <span class='ocrx_word' id='word_1_11' title='bbox 1361 544 1568 602; x_wconf 84' lang='lat' dir='ltr'>crimen,</span> 
     </span>
     <span class='ocr_line' id='line_1_4' title="bbox 323 631 1470 694; baseline 0.001 -16"><span class='ocrx_word' id='word_1_12' title='bbox 323 632 463 694; x_wconf 92' lang='lat' dir='ltr'>quod</span> <span class='ocrx_word' id='word_1_13' title='bbox 490 632 647 680; x_wconf 83' lang='lat' dir='ltr'>faciat</span> <span class='ocrx_word' id='word_1_14' title='bbox 674 632 822 679; x_wconf 85' lang='lat' dir='ltr'>nobis</span> <span class='ocrx_word' id='word_1_15' title='bbox 850 631 1072 693; x_wconf 82' lang='lat' dir='ltr'>Cynthia</span> <span class='ocrx_word' id='word_1_16' title='bbox 1098 646 1212 679; x_wconf 85' lang='lat' dir='ltr'>rara</span> <span class='ocrx_word' id='word_1_17' title='bbox 1239 632 1470 679; x_wconf 80' lang='lat' dir='ltr'>moram?</span> 
     </span>
     <span class='ocr_line' id='line_1_5' title="bbox 252 720 1432 779; baseline 0 -12"><span class='ocrx_word' id='word_1_18' title='bbox 252 725 357 767; x_wconf 83' lang='lat' dir='ltr'>tam</span> <span class='ocrx_word' id='word_1_19' title='bbox 379 720 541 768; x_wconf 79' lang='lat' dir='ltr'><strong>multa</strong></span> <span class='ocrx_word' id='word_1_20' title='bbox 567 721 660 769; x_wconf 86' lang='lat' dir='ltr'>illa</span> <span class='ocrx_word' id='word_1_21' title='bbox 684 734 799 768; x_wconf 86' lang='lat' dir='ltr'>meo</span> <span class='ocrx_word' id='word_1_22' title='bbox 827 721 986 768; x_wconf 82' lang='lat' dir='ltr'>divisa</span> <span class='ocrx_word' id='word_1_23' title='bbox 1012 728 1089 768; x_wconf 83' lang='lat' dir='ltr'>est</span> <span class='ocrx_word' id='word_1_24' title='bbox 1110 720 1256 768; x_wconf 87' lang='lat' dir='ltr'>milia</span> <span class='ocrx_word' id='word_1_25' title='bbox 1280 721 1432 779; x_wconf 80' lang='lat' dir='ltr'>lecto,</span> 
     </span>
     <span class='ocr_line' id='line_1_6' title="bbox 324 797 1559 872; baseline 0 -16"><span class='ocrx_word' id='word_1_26' title='bbox 324 817 573 872; x_wconf 83' lang='lat' dir='ltr'>quantum</span> <span class='ocrx_word' id='word_1_27' title='bbox 597 809 825 872; x_wconf 83' lang='lat' dir='ltr'>Hypanis</span> <span class='ocrx_word' id='word_1_28' title='bbox 850 797 1291 858; x_wconf 64' lang='lat' dir='ltr'>Veneto‘dissidet</span> <span class='ocrx_word' id='word_1_29' title='bbox 1314 808 1559 868; x_wconf 85' lang='lat' dir='ltr'>EridanO,</span> 
     </span>
     <span class='ocr_line' id='line_1_7' title="bbox 185 897 1491 960; baseline -0.002 -15"><span class='ocrx_word' id='word_1_30' title='bbox 185 906 209 945; x_wconf 83' lang='grc'>5</span> <span class='ocrx_word' id='word_1_31' title='bbox 251 910 347 944; x_wconf 92' lang='lat' dir='ltr'>nec</span> <span class='ocrx_word' id='word_1_32' title='bbox 371 897 496 945; x_wconf 90' lang='lat' dir='ltr'>mihi</span> <span class='ocrx_word' id='word_1_33' title='bbox 523 901 795 946; x_wconf 84' lang='lat' dir='ltr'>consuetos</span> <span class='ocrx_word' id='word_1_34' title='bbox 823 897 1066 960; x_wconf 84' lang='lat' dir='ltr'>amplexu</span> <span class='ocrx_word' id='word_1_35' title='bbox 1091 897 1248 944; x_wconf 88' lang='lat' dir='ltr'>nutrit</span> <span class='ocrx_word' id='word_1_36' title='bbox 1274 910 1491 954; x_wconf 70' lang='lat' dir='ltr'>amm-ee,</span> 
     </span>
     <span class='ocr_line' id='line_1_8' title="bbox 323 983 1472 1046; baseline -0.002 -14"><span class='ocrx_word' id='word_1_37' title='bbox 323 983 542 1046; x_wconf 81' lang='lat' dir='ltr'>Cynthia</span> <span class='ocrx_word' id='word_1_38' title='bbox 568 998 663 1032; x_wconf 89' lang='lat' dir='ltr'>nec</span> <span class='ocrx_word' id='word_1_39' title='bbox 687 991 864 1033; x_wconf 82' lang='lat' dir='ltr'>nostra</span> <span class='ocrx_word' id='word_1_40' title='bbox 889 984 1052 1032; x_wconf 84' lang='lat' dir='ltr'>dulcis</span> <span class='ocrx_word' id='word_1_41' title='bbox 1078 985 1132 1031; x_wconf 91' lang='lat' dir='ltr'>in</span> <span class='ocrx_word' id='word_1_42' title='bbox 1157 995 1281 1032; x_wconf 84' lang='lat' dir='ltr'>aure</span> <span class='ocrx_word' id='word_1_43' title='bbox 1307 990 1472 1031; x_wconf 84' lang='lat' dir='ltr'>sonat.</span> 
     </span>
     <span class='ocr_line' id='line_1_9' title="bbox 252 1059 1567 1135; baseline -0.002 -14"><span class='ocrx_word' id='word_1_44' title='bbox 252 1072 379 1121; x_wconf 88' lang='lat' dir='ltr'>olim</span> <span class='ocrx_word' id='word_1_45' title='bbox 403 1080 579 1135; x_wconf 84' lang='lat' dir='ltr'>gratus</span> <span class='ocrx_word' id='word_1_46' title='bbox 608 1087 773 1120; x_wconf 81' lang='lat' dir='ltr'>eram:</span> <span class='ocrx_word' id='word_1_47' title='bbox 818 1087 924 1120; x_wconf 88' lang='lat' dir='ltr'>non</span> <span class='ocrx_word' id='word_1_48' title='bbox 952 1073 1045 1120; x_wconf 91' lang='lat' dir='ltr'>illo</span> <span class='ocrx_word' id='word_1_49' title='bbox 1072 1079 1300 1135; x_wconf 84' lang='lat' dir='ltr'>tempore</span> <span class='ocrx_word' id='word_1_50' title='bbox 1314 1059 1567 1133; x_wconf 45' lang='lat' dir='ltr'>‘cuiquam</span> 
     </span>
     <span class='ocr_line' id='line_1_10' title="bbox 322 1160 1337 1223; baseline -0.002 -14"><span class='ocrx_word' id='word_1_51' title='bbox 322 1160 540 1223; x_wconf 82' lang='lat' dir='ltr'>contigit</span> <span class='ocrx_word' id='word_1_52' title='bbox 564 1168 620 1208; x_wconf 83' lang='lat' dir='ltr'>ut</span> <span class='ocrx_word' id='word_1_53' title='bbox 646 1161 797 1209; x_wconf 90' lang='lat' dir='ltr'>simili</span> <span class='ocrx_word' id='word_1_54' title='bbox 824 1170 1000 1223; x_wconf 86' lang='lat' dir='ltr'>posset</span> <span class='ocrx_word' id='word_1_55' title='bbox 1024 1174 1196 1208; x_wconf 82' lang='lat' dir='ltr'>amare</span> <span class='ocrx_word' id='word_1_56' title='bbox 1223 1160 1337 1207; x_wconf 86' lang='lat' dir='ltr'>fide.</span> 
     </span>
     <span class='ocr_line' id='line_1_11' title="bbox 249 1249 1639 1312; baseline 0.001 -15"><span class='ocrx_word' id='word_1_57' title='bbox 249 1249 471 1298; x_wconf 85' lang='lat' dir='ltr'>invidiae</span> <span class='ocrx_word' id='word_1_58' title='bbox 495 1249 714 1298; x_wconf 84' lang='lat' dir='ltr'>fuimus:</span> <span class='ocrx_word' id='word_1_59' title='bbox 757 1265 883 1297; x_wconf 88' lang='lat' dir='ltr'>num</span> <span class='ocrx_word' id='word_1_60' title='bbox 907 1264 989 1298; x_wconf 88' lang='lat' dir='ltr'>me</span> <span class='ocrx_word' id='word_1_61' title='bbox 1015 1251 1138 1298; x_wconf 87' lang='lat' dir='ltr'>deus</span> <span class='ocrx_word' id='word_1_62' title='bbox 1167 1249 1373 1298; x_wconf 87' lang='lat' dir='ltr'>obruit?</span> <span class='ocrx_word' id='word_1_63' title='bbox 1411 1265 1478 1298; x_wconf 85' lang='lat' dir='ltr'>an</span> <span class='ocrx_word' id='word_1_64' title='bbox 1505 1264 1639 1312; x_wconf 84' lang='lat' dir='ltr'>quae</span> 
     </span>
     <span class='ocr_line' id='line_1_12' title="bbox 154 1339 1379 1401; baseline 0.002 -16"><span class='ocrx_word' id='word_1_65' title='bbox 154 1345 208 1386; x_wconf 87' lang='grc' dir='ltr'>ιο</span> <span class='ocrx_word' id='word_1_66' title='bbox 321 1340 456 1387; x_wconf 84' lang='lat' dir='ltr'>lecta</span> <span class='ocrx_word' id='word_1_67' title='bbox 480 1339 799 1388; x_wconf 87' lang='lat' dir='ltr'>Prometheis</span> <span class='ocrx_word' id='word_1_68' title='bbox 828 1339 1005 1387; x_wconf 83' lang='lat' dir='ltr'>dividit</span> <span class='ocrx_word' id='word_1_69' title='bbox 1031 1340 1187 1388; x_wconf 83' lang='lat' dir='ltr'>herba</span> <span class='ocrx_word' id='word_1_70' title='bbox 1213 1339 1379 1401; x_wconf 84' lang='lat' dir='ltr'>iugis?</span> 
     </span>
     <span class='ocr_line' id='line_1_13' title="bbox 251 1426 1738 1489; baseline 0.001 -14"><span class='ocrx_word' id='word_1_71' title='bbox 251 1441 357 1475; x_wconf 90' lang='lat' dir='ltr'>non</span> <span class='ocrx_word' id='word_1_72' title='bbox 383 1442 496 1475; x_wconf 84' lang='lat' dir='ltr'>sum</span> <span class='ocrx_word' id='word_1_73' title='bbox 524 1441 621 1489; x_wconf 87' lang='lat' dir='ltr'>ego</span> <span class='ocrx_word' id='word_1_74' title='bbox 647 1427 735 1489; x_wconf 86' lang='lat' dir='ltr'>qui</span> <span class='ocrx_word' id='word_1_75' title='bbox 762 1426 988 1475; x_wconf 84' lang='lat' dir='ltr'>fueram:</span> <span class='ocrx_word' id='word_1_76' title='bbox 1031 1434 1195 1475; x_wconf 81' lang='lat' dir='ltr'><strong>mutat</strong></span> <span class='ocrx_word' id='word_1_77' title='bbox 1220 1427 1301 1474; x_wconf 86' lang='lat' dir='ltr'>via</span> <span class='ocrx_word' id='word_1_78' title='bbox 1325 1427 1483 1488; x_wconf 85' lang='lat' dir='ltr'>longa</span> <span class='ocrx_word' id='word_1_79' title='bbox 1508 1427 1738 1489; x_wconf 86' lang='lat' dir='ltr'>puellas:</span> 
     </span>
     <span class='ocr_line' id='line_1_14' title="bbox 320 1515 1443 1578; baseline -0.002 -15"><span class='ocrx_word' id='word_1_80' title='bbox 320 1523 540 1578; x_wconf 82' lang='lat' dir='ltr'>quantus</span> <span class='ocrx_word' id='word_1_81' title='bbox 566 1516 622 1563; x_wconf 92' lang='lat' dir='ltr'>in</span> <span class='ocrx_word' id='word_1_82' title='bbox 648 1515 837 1577; x_wconf 84' lang='lat' dir='ltr'>exiguo</span> <span class='ocrx_word' id='word_1_83' title='bbox 863 1522 1094 1576; x_wconf 88' lang='lat' dir='ltr'>tempore</span> <span class='ocrx_word' id='word_1_84' title='bbox 1119 1515 1251 1577; x_wconf 81' lang='lat' dir='ltr'>fugit·</span> <span class='ocrx_word' id='word_1_85' title='bbox 1275 1516 1443 1562; x_wconf 82' lang='lat' dir='ltr'>amor!</span> 
     </span>
     <span class='ocr_line' id='line_1_15' title="bbox 248 1605 1564 1667; baseline -0.002 -14"><span class='ocrx_word' id='word_1_86' title='bbox 248 1620 386 1653; x_wconf 89' lang='lat' dir='ltr'>nunc</span> <span class='ocrx_word' id='word_1_87' title='bbox 413 1606 632 1666; x_wconf 88' lang='lat' dir='ltr'>primum</span> <span class='ocrx_word' id='word_1_88' title='bbox 658 1605 841 1667; x_wconf 84' lang='lat' dir='ltr'>longas</span> <span class='ocrx_word' id='word_1_89' title='bbox 869 1605 1011 1652; x_wconf 87' lang='lat' dir='ltr'>solus</span> <span class='ocrx_word' id='word_1_90' title='bbox 1041 1618 1354 1666; x_wconf 85' lang='lat' dir='ltr'>cognoscere</span> <span class='ocrx_word' id='word_1_91' title='bbox 1386 1612 1564 1652; x_wconf 82' lang='lat' dir='ltr'>noctes</span> 
     </span>
     <span class='ocr_line' id='line_1_16' title="bbox 320 1692 1427 1755; baseline 0 -15"><span class='ocrx_word' id='word_1_92' title='bbox 320 1707 481 1755; x_wconf 86' lang='lat' dir='ltr'>cogor</span> <span class='ocrx_word' id='word_1_93' title='bbox 507 1701 557 1741; x_wconf 82' lang='lat' dir='ltr'>et</span> <span class='ocrx_word' id='word_1_94' title='bbox 579 1694 691 1755; x_wconf 84' lang='lat' dir='ltr'>ipse</span> <span class='ocrx_word' id='word_1_95' title='bbox 716 1693 838 1740; x_wconf 87' lang='lat' dir='ltr'>meis</span> <span class='ocrx_word' id='word_1_96' title='bbox 866 1692 1076 1740; x_wconf 83' lang='lat' dir='ltr'>auribus</span> <span class='ocrx_word' id='word_1_97' title='bbox 1104 1707 1216 1740; x_wconf 87' lang='lat' dir='ltr'>esse</span> <span class='ocrx_word' id='word_1_98' title='bbox 1241 1693 1427 1754; x_wconf 82' lang='lat' dir='ltr'>gravis.</span> 
     </span>
     <span class='ocr_line' id='line_1_17' title="bbox 145 1779 1365 1843; baseline -0.002 -14"><span class='ocrx_word' id='word_1_99' title='bbox 145 1790 165 1828; x_wconf 89' lang='lat'>1</span> <span class='ocrx_word' id='word_1_100' title='bbox 181 1789 206 1829; x_wconf 87' lang='lat'><strong>5</strong></span> <span class='ocrx_word' id='word_1_101' title='bbox 248 1781 374 1829; x_wconf 85' lang='lat' dir='ltr'>felix</span> <span class='ocrx_word' id='word_1_102' title='bbox 399 1781 487 1843; x_wconf 89' lang='lat' dir='ltr'>qui</span> <span class='ocrx_word' id='word_1_103' title='bbox 514 1781 681 1842; x_wconf 81' lang='lat' dir='ltr'>potuit</span> <span class='ocrx_word' id='word_1_104' title='bbox 704 1780 958 1842; x_wconf 81' lang='lat' dir='ltr'>praesenti</span> <span class='ocrx_word' id='word_1_105' title='bbox 988 1779 1110 1827; x_wconf 87' lang='lat' dir='ltr'>flere</span> <span class='ocrx_word' id='word_1_106' title='bbox 1135 1780 1365 1841; x_wconf 83' lang='lat' dir='ltr'>puellae:</span> 
     </span>
     <span class='ocr_line' id='line_1_18' title="bbox 318 1868 1544 1930; baseline -0.001 -13"><span class='ocrx_word' id='word_1_107' title='bbox 318 1884 426 1918; x_wconf 89' lang='lat' dir='ltr'>non</span> <span class='ocrx_word' id='word_1_108' title='bbox 454 1869 580 1916; x_wconf 89' lang='lat' dir='ltr'>nihil</span> <span class='ocrx_word' id='word_1_109' title='bbox 608 1868 864 1930; x_wconf 78' lang='lat' dir='ltr'>adspersis</span> <span class='ocrx_word' id='word_1_110' title='bbox 891 1868 1082 1929; x_wconf 84' lang='lat' dir='ltr'>gaudet</span> <span class='ocrx_word' id='word_1_111' title='bbox 1105 1869 1268 1915; x_wconf 88' lang='lat' dir='ltr'>Amor</span> <span class='ocrx_word' id='word_1_112' title='bbox 1291 1868 1544 1928; x_wconf 81' lang='lat' dir='ltr'>lacrimis3</span> 
     </span>
     <span class='ocr_line' id='line_1_19' title="bbox 247 1955 1366 2018; baseline -0.002 -14"><span class='ocrx_word' id='word_1_113' title='bbox 247 1964 336 2005; x_wconf 85' lang='lat' dir='ltr'>aut</span> <span class='ocrx_word' id='word_1_114' title='bbox 361 1957 404 2003; x_wconf 79' lang='lat' dir='ltr'>si</span> <span class='ocrx_word' id='word_1_115' title='bbox 431 1957 698 2018; x_wconf 85' lang='lat' dir='ltr'>despectus</span> <span class='ocrx_word' id='word_1_116' title='bbox 726 1955 894 2016; x_wconf 86' lang='lat' dir='ltr'>potuit</span> <span class='ocrx_word' id='word_1_117' title='bbox 916 1962 1117 2002; x_wconf 82' lang='lat' dir='ltr'>mutare</span> <span class='ocrx_word' id='word_1_118' title='bbox 1143 1956 1366 2003; x_wconf 85' lang='lat' dir='ltr'>calores:</span> 
     </span>
     <span class='ocr_line' id='line_1_20' title="bbox 319 2043 1415 2107; baseline -0.002 -14"><span class='ocrx_word' id='word_1_119' title='bbox 319 2053 439 2093; x_wconf 84' lang='lat' dir='ltr'>sunt</span> <span class='ocrx_word' id='word_1_120' title='bbox 464 2057 672 2107; x_wconf 88' lang='lat' dir='ltr'>quoque</span> <span class='ocrx_word' id='word_1_121' title='bbox 696 2044 945 2091; x_wconf 82' lang='lat' dir='ltr'>translato</span> <span class='ocrx_word' id='word_1_122' title='bbox 972 2043 1160 2105; x_wconf 81' lang='lat' dir='ltr'>gaudia</span> <span class='ocrx_word' id='word_1_123' title='bbox 1193 2044 1415 2091; x_wconf 85' lang='lat' dir='ltr'>servitio.</span> 
     </span>
     <span class='ocr_line' id='line_1_21' title="bbox 245 2131 1736 2195; baseline -0.001 -13"><span class='ocrx_word' id='word_1_124' title='bbox 245 2134 314 2182; x_wconf 88' lang='lat' dir='ltr'>mi</span> <span class='ocrx_word' id='word_1_125' title='bbox 356 2146 523 2195; x_wconf 88' lang='lat' dir='ltr'>neque</span> <span class='ocrx_word' id='word_1_126' title='bbox 560 2146 731 2180; x_wconf 83' lang='lat' dir='ltr'>amare</span> <span class='ocrx_word' id='word_1_127' title='bbox 769 2131 923 2180; x_wconf 83' lang='lat' dir='ltr'>aliam</span> <span class='ocrx_word' id='word_1_128' title='bbox 958 2145 1127 2193; x_wconf 85' lang='lat' dir='ltr'>neque</span> <span class='ocrx_word' id='word_1_129' title='bbox 1163 2133 1226 2179; x_wconf 83' lang='lat' dir='ltr'>ab</span> <span class='ocrx_word' id='word_1_130' title='bbox 1255 2133 1350 2180; x_wconf 80' lang='lat' dir='ltr'>hac</span> <span class='ocrx_word' id='word_1_131' title='bbox 1377 2132 1632 2180; x_wconf 83' lang='lat' dir='ltr'>discedere</span> <span class='ocrx_word' id='word_1_132' title='bbox 1657 2131 1736 2180; x_wconf 76' lang='lat' dir='ltr'>fas</span> 
     </span>
     <span class='ocr_line' id='line_1_22' title="bbox 460 2229 559 2271; baseline -0.02 0"><span class='ocrx_word' id='word_1_133' title='bbox 460 2229 559 2271; x_wconf 83' lang='lat' dir='ltr'>est:</span> 
     </span>
     <span class='ocr_line' id='line_1_23' title="bbox 141 2309 1399 2373; baseline -0.001 -13"><span class='ocrx_word' id='word_1_134' title='bbox 141 2320 203 2360; x_wconf 75' lang='lat'>20</span> <span class='ocrx_word' id='word_1_135' title='bbox 318 2309 540 2373; x_wconf 82' lang='lat' dir='ltr'>Cynthia</span> <span class='ocrx_word' id='word_1_136' title='bbox 564 2310 727 2372; x_wconf 79' lang='lat' dir='ltr'>prima</span> <span class='ocrx_word' id='word_1_137' title='bbox 752 2309 864 2369; x_wconf 78' lang='lat' dir='ltr'>fuit,</span> <span class='ocrx_word' id='word_1_138' title='bbox 898 2309 1118 2371; x_wconf 82' lang='lat' dir='ltr'>Cynthia</span> <span class='ocrx_word' id='word_1_139' title='bbox 1144 2310 1260 2358; x_wconf 86' lang='lat' dir='ltr'>finis</span> <span class='ocrx_word' id='word_1_140' title='bbox 1289 2311 1399 2359; x_wconf 83' lang='lat' dir='ltr'>erit.</span> 
     </span>
    </p>
   </div>
  </div>
 </body>
</html>
