1942 3000
806 175 986 212 LIBER
1013 174 1055 212 1.

85 338 145 382 25
187 346 362 398 quare,
392 332 526 379 dum
537 331 676 391 lieet,
707 330 839 380 inter
863 346 960 379 nos
988 331 1237 379 laetemur
1259 339 1520 379 amantes:

257 434 365 468 non
389 420 511 469 satis
540 427 618 468 est
640 420 750 468 ullo
774 426 1006 483 tempore
1030 420 1219 482 longus
1245 434 1407 469 amor.

775 606 1091 613 ——--—

872 789 993 838 XX.

184 951 300 999 Hoc
327 965 421 1013 pro
450 949 699 998 continuo
723 957 791 1009 te,
826 947 993 1009 Galle,
1024 963 1292 998 monemus
1319 964 1512 1009 amore,

256 1039 308 1087 id
333 1039 424 1087 tibi
451 1054 517 1088 ne
541 1053 703 1087 vacuo
730 1038 922 1086 defluat
946 1053 1013 1086 ex
1036 1038 1240 1087 animo:

185 1141 342 1190 saepe
364 1127 663 1190 inprudenti
686 1126 897 1175 fortuna
922 1127 1146 1175 occurrit
1170 1126 1381 1175 amanti.

257 1214 478 1263 erudelis
502 1214 696 1276 Minyis
722 1213 909 1263 dixerit
930 1213 1209 1263 Ascanius.

116 1311 143 1351 5
184 1309 265 1351 est
287 1303 381 1351 tibi
406 1317 513 1350 non
538 1302 675 1350 infra
701 1302 942 1365 speeiem,
976 1316 1084 1349 non
1111 1302 1320 1350 nomine
1347 1301 1538 1365 dispar,

254 1390 663 1439 Thiodamanteo
690 1389 954 1453 proximus
981 1390 1135 1438 ardor
1162 1389 1358 1451 Hylae:

181 1479 421 1539 hunetu,
455 1478 560 1528 sive
586 1479 728 1541 leges
755 1479 1030 1527 umbrosae
1056 1478 1267 1528 flumina
1294 1477 1449 1537 Silae,

256 1568 362 1616 sive
384 1567 595 1616 Aniena
619 1575 736 1616 tuos
761 1566 976 1615 tinxerit
999 1566 1139 1614 unda
1164 1566 1336 1630 pedes,

182 1658 290 1706 sive
313 1657 558 1720 gigantea
580 1656 872 1720 spatiabere
897 1655 1063 1703 litoris
1088 1669 1179 1703 ora

76 1755 140 1796 10
254 1746 361 1795 sive
386 1745 698 1808 ubicumque
724 1759 855 1806 vago
883 1743 1108 1791 fluminis
1135 1742 1381 1804 hospiti0‚

181 1834 526 1898 nympharum
550 1847 753 1896 semper
780 1832 980 1896 cupidis
1007 1832 1225 1880 defende
1251 1831 1448 1895 rapinis

256 1923 390 1987 (non
414 1922 586 1971 minor
608 1922 856 1971 Ausoniis
888 1929 966 1970 est
991 1935 1137 1970 amor
1162 1920 1447 1983 adryasin)‚

183 2026 251 2061 ne
276 2011 371 2060 tibi
397 2011 463 2059 sit
489 2010 720 2074 (durum)
748 2017 949 2057 montes
978 2016 1030 2058 et
1054 2009 1241 2071 frigida
1265 2023 1409 2069 saxa,

258 2099 426 2158 Galle,
456 2111 626 2161 neque
652 2105 888 2160 expertos
915 2112 1118 2160 semper
1141 2097 1280 2145 adire
1306 2097 1467 2156 lacus,

80 2199 95 2239 1
117 2197 144 2237 5
185 2202 319 2250 quae
343 2187 501 2235 miser
524 2186 716 2248 ignotis
746 2199 887 2235 error
913 2200 1189 2249 perpessus
1216 2185 1271 2233 in
1298 2184 1401 2233 oris

254 2274 494 2324 Herculis
519 2273 773 2322 indomito
810 2274 1020 2322 fleverat
1043 2273 1292 2323 Ascani0.

182 2377 407 2427 namque
432 2363 606 2411 ferunt
629 2362 755 2411 olim
782 2362 1009 2424 Pagases
1037 2362 1304 2410 navalibus
1328 2360 1473 2423 Argo

257 2467 514 2516 egressam
540 2452 699 2515 longe
724 2451 977 2499 Phasidos
1001 2451 1103 2499 isse
1128 2451 1282 2510 viam,

185 2548 236 2591 et
257 2542 362 2590 iam
385 2540 671 2604 praeteritis
698 2539 958 2589 labentem
982 2538 1381 2587 Athamantidos
1412 2537 1565 2587 undis

76 2639 142 2681 20
255 2630 521 2691 Mysorum
546 2629 775 2693 seopulis
803 2628 1116 2691 adplicuisse
1142 2634 1322 2675 ratem.

1278 2733 1367 2781 15·

1577 169 1681 221 227
