1942 3000
188 666 252 706 45

188 1194 251 1235 50

186 1728 247 1767 55

184 2257 246 2300 60

296 141 365 191 58
911 145 1169 184 CATULLI

294 316 449 364 quem
473 303 701 350 mulcent
724 316 896 361 aurae,
929 303 1098 350 firmat
1121 302 1218 361 sol,
1255 302 1438 352 educat
1462 303 1624 352 imber

297 390 467 453 (multi
492 390 640 438 illum
664 391 827 454 pueri,
860 391 1051 438 multae
1079 400 1318 453 optavere
1344 393 1577 455 puellae:

293 478 428 526 idem
454 494 570 527 cum
594 479 736 528 tenui
761 486 965 542 carptus
994 479 1232 528 defloruit
1255 480 1435 542 ungui,

292 568 424 616 nulli
450 568 597 615 illum
623 567 782 630 pueri,
817 568 992 616 nullae
1020 575 1260 631 optavere
1286 567 1530 631 puellae),

293 657 367 705 sic
393 656 555 718 virgo,
588 655 709 703 dum
734 656 928 705 intacta
952 664 1143 716 manet,
1179 657 1301 704 dum
1328 671 1446 705 cara
1470 657 1576 707 suis
1603 666 1707 707 est:

294 760 410 793 cum
436 752 631 793 castum
657 745 826 794 amisit
849 746 1051 808 polluto
1079 759 1299 808 corpore
1323 746 1518 806 florem,

294 847 389 882 nee
414 833 586 896 pueris
612 833 837 882 iucunda
861 841 1037 882 manet
1062 848 1158 882 nec
1185 849 1305 882 cara
1330 834 1529 896 puellis.

291 922 491 985 Hymen
518 936 548 970 o
575 922 885 983 Hymenaee,
917 922 1118 984 Hymen
1145 923 1266 971 ades
1294 922 1661 985 oHymenaee.

290 1106 348 1146 ut
373 1098 524 1147 vidua
547 1098 601 1145 in
628 1098 765 1146 nudo
792 1098 907 1146 vitis
934 1112 1067 1160 quae
1093 1098 1322 1147 nascitur
1344 1114 1485 1159 arvo,

292 1201 571 1249 numquam
631 1201 686 1235 se
738 1187 939 1236 extollit
955 1222 968 1243 ,
1040 1203 1319 1250 numquam
1380 1188 1553 1236 mitem
1602 1189 1788 1237 educat

504 1290 669 1335 uvam,

289 1363 377 1410 sed
404 1371 636 1412 tenerum
662 1378 827 1427 prono
854 1364 1128 1414 deflectens
1155 1366 1383 1428 pondere
1410 1379 1597 1428 corpus

289 1451 393 1499 iam
417 1452 520 1500 iam
547 1453 798 1517 contingit
822 1469 1078 1503 summum
1102 1454 1272 1503 radice
1298 1453 1559 1517 flagellum

291 1541 449 1601 (hanc
475 1543 606 1591 nulli
634 1543 912 1605 agricolae,
944 1544 1076 1592 nulli
1103 1544 1308 1592 coluere
1334 1544 1563 1591 iuvenci:

289 1638 341 1677 at
364 1630 408 1677 si
433 1630 566 1678 forte
593 1632 770 1679 eadem
795 1639 873 1679 est
896 1632 1037 1679 ulmo
1064 1631 1341 1679 coniuncta
1364 1630 1562 1690 marite,

288 1719 434 1767 multi
458 1719 604 1767 illam
629 1719 903 1781 agricolae,
935 1720 1082 1767 multi
1109 1720 1314 1767 coluere
1339 1717 1585 1781 iuvenci),

294 1808 369 1857 sic
396 1807 554 1871 virge,
588 1809 709 1856 dum
734 1808 930 1855 intacta
952 1814 1143 1866 manet,
1175 1807 1295 1855 dum
1318 1807 1517 1856 inculta
1540 1808 1791 1857 senescit:

290 1911 406 1944 cum
432 1912 525 1960 par
549 1895 825 1945 conubium
852 1903 1054 1943 maturo
1081 1901 1310 1959 tempore
1334 1895 1585 1959 adeptast‚

289 2000 408 2034 cara
434 1985 540 2033 viro
567 1985 730 2047 magis
759 1991 808 2032 et
832 1984 999 2032 minus
1029 1991 1106 2033 est
1127 1984 1295 2033 invisa
1319 1984 1535 2047 parenti.

288 2074 489 2135 Hymen
516 2088 546 2122 o
573 2074 882 2135 Hymenaee,
913 2073 1113 2134 Hymen
1138 2074 1259 2122 ades
1287 2087 1318 2121 o
1344 2074 1654 2135 Hymenaee.

287 2258 340 2299 at
365 2260 421 2298 tu
446 2265 513 2299 ne
538 2266 714 2314 pugna
740 2266 856 2299 cum
882 2251 972 2299 tali
1000 2251 1238 2313 coniuge,
1270 2250 1434 2313 virgo.

290 2354 394 2387 non
422 2354 644 2402 aequum
670 2347 747 2388 est
772 2354 1021 2403 pugnare,
1055 2345 1199 2402 pater
1225 2338 1308 2386 cui
1333 2337 1540 2386 tradidit
1565 2337 1692 2400 ipse,

289 2428 399 2491 ipse
426 2437 571 2491 pater
595 2444 711 2477 cum
736 2436 916 2489 matre,
949 2428 1137 2491 quibus
1164 2442 1343 2491 parere
1369 2434 1642 2474 necessest.

287 2517 555 2579 virginitas
582 2532 689 2566 non
715 2524 823 2566 tota
846 2525 937 2566 tua
961 2525 1054 2577 est,
1087 2532 1153 2567 ex
1177 2523 1321 2580 parte
1347 2522 1692 2578 parentumst:

288 2606 434 2655 tertia
458 2621 577 2669 pars
605 2606 801 2670 patrist‚
834 2622 953 2670 pars
980 2613 1058 2656 est
1080 2606 1200 2655 data
1225 2604 1374 2654 tertia
1397 2604 1564 2664 matri,
