1942 3000
243 143 350 196 246
683 113 1004 184 monzun}
1035 146 1211 187 tumn
1236 117 1298 185 ἐι.

313 304 435 364 tela,
468 318 667 367 precor,
700 302 865 366 pueri,
898 303 1119 366 promite
1145 311 1297 352 acuta
1321 303 1506 366 magis,

241 392 380 455 figite
407 399 677 451 certanteS,
708 399 864 454 atque
889 392 1022 439 hanc
1046 392 1170 440 mihi
1198 392 1381 441 solvite
1405 392 1591 440 vitam:

136 490 199 531 4ο
311 482 523 544 sanguis
550 481 646 530 erit
657 479 815 529 'vobis
841 481 1066 530 maxima
1090 482 1265 544 palma
1289 495 1449 531 meus,

241 659 409 708 sidera
431 667 556 707 sunt
578 666 733 707 testes
761 665 812 707 et
836 658 1090 707 matutina
1114 658 1301 722 pruina

314 756 365 797 et
389 747 565 796 furtim
589 748 775 796 misero
802 747 959 795 ianua
987 754 1163 809 aperta
1187 746 1339 795 mihi:

243 843 293 885 te
319 836 450 885 nihil
474 837 529 884 in
555 837 661 884 vita
686 836 838 885 nobis
865 835 1128 898 acceptius
1155 849 1427 897 umquam:

315 940 455 973 nunc
482 939 689 987 quoque
716 924 832 984 eris,
867 924 1098 986 quamvis
1125 923 1196 971 sis
1220 923 1429 971 inimica
1453 923 1592 971 mihi.

140 1020 204 1060 45
245 1028 341 1062 nec
367 1012 574 1061 domina
600 1013 709 1061 ulla
733 1026 848 1061 meo
875 1020 1035 1075 ponet
1061 1011 1275 1074 vestigia
1300 1012 1463 1060 lecto:

316 1102 460 1150 solus
486 1115 593 1160 em,
627 1101 870 1164 quoniam
896 1115 1004 1148 non
1030 1101 1152 1149 lieet
1178 1114 1290 1148 esse
1313 1107 1476 1148 tuum.

243 1197 401 1252 atquo
425 1190 640 1249 utinam,
669 1190 726 1238 si-
740 1190 874 1238 forte
899 1190 1015 1252 pios
1045 1189 1312 1237 eduximus
1337 1203 1523 1248 annOS‚

316 1278 405 1326 illo
432 1279 508 1326 vir
532 1278 587 1326 in
613 1278 782 1326 medio
810 1279 898 1326 fiat
922 1291 1099 1325 amore
1123 1277 1286 1339 lapis!

245 1469 352 1505 non
379 1455 444 1504 ob
473 1468 633 1518 regna
657 1447 820 1518 ma‘gis
847 1453 968 1503 diris
997 1453 1225 1504 cecidere
1250 1454 1344 1504 sub
1375 1452 1528 1502 armis

142 1553 205 1593 50
320 1545 554 1594 Thebani
579 1545 748 1594 media
772 1559 877 1593 non
906 1545 1019 1594 sine
1044 1552 1204 1593 matre
1230 1545 1406 1593 duces.

246 1649 421 1697 quam,
450 1634 574 1682 mihi
601 1634 645 1683 si
669 1634 837 1683 media
863 1635 1013 1683 liceat
1037 1649 1268 1698 pugnare
1293 1634 1485 1696 puella,

317 1731 535 1771 mortem
561 1737 657 1785 ego
685 1738 790 1771 non
817 1724 1012 1785 fugiam
1034 1730 1198 1771 morte
1223 1723 1395 1770 subire
1417 1729 1525 1770 tua.
