1942 3000
269 149 373 199 116
889 150 1134 190 TtBULLI

341 309 531 371 spicea,
565 322 697 370 quae
723 307 899 370 templi
926 307 1148 370 pendeat
1173 316 1293 355 ante
1319 307 1485 356 foresz

272 395 605 459 pomosisque
630 396 783 442 ruber
809 402 983 441 custos
1012 402 1237 457 ponatur
1260 395 1314 442 in
1341 395 1519 454 hortiS‚

343 490 529 531 terreat
553 490 609 530 ut
633 497 783 530 saeva
809 481 942 530 falce
967 482 1185 544 Priapus
1211 497 1346 531 aves,

272 586 361 620 vos
388 585 615 634 quoque,
647 571 811 619 felicis
840 571 1121 633 quondam,
1153 586 1290 619 nunc
1319 572 1560 634 pauperis
1587 572 1695 635 agri

170 669 232 710 20
346 660 600 719 custode8‚
633 659 773 708 fertis
799 674 1014 707 munera
1039 665 1221 717 vestra,
1255 660 1405 707 lares,

270 756 380 796 tum
404 747 566 795 vitula
588 747 885 796 innumeros
912 746 1164 795 lustrabat
1189 761 1338 795 caesa
1360 748 1602 797 iuvencos
1623 767 1633 797 :

341 852 482 885 nunc
509 851 645 898 agna
674 836 846 899 exigui
875 843 952 884 est
976 836 1146 883 hostia
1171 851 1327 899 parva
1351 838 1466 885 soli.

270 940 407 987 agna
434 925 582 973 cadet
610 925 772 984 vobiS‚
807 939 962 987 quam
990 925 1180 973 circum
1207 926 1398 974 rustica
1426 928 1587 989 pubes

346 1014 533 1062 clamet
557 1014 624 1061 ‘io
652 1027 842 1061 messes
871 1022 922 1061 et
946 1014 1087 1061 bona
1109 1013 1228 1061 vina
1255 1014 1403 1073 date'‚

170 1111 233 1152 25
274 1103 377 1151 iam
401 1103 555 1151 modo
581 1102 686 1150 iam
703 1102 905 1173 ‚possim
930 1109 1204 1151 contentus
1230 1102 1395 1150 vivere
1421 1117 1577 1164 parvo

345 1205 441 1240 nec
466 1205 667 1254 semper
691 1192 880 1254 longae
907 1191 1104 1239 deditus
1133 1204 1243 1239 esse
1269 1190 1396 1249 viae,

274 1279 363 1328 sed
392 1279 532 1327 canis
560 1280 779 1328 aestivos
809 1287 949 1327 ortus
977 1282 1134 1329 vitare
1158 1282 1253 1329 sub
1279 1281 1459 1328 umbra

345 1367 542 1416 arboris
568 1368 634 1415 ad
658 1368 794 1416 rivos
821 1369 1192 1430 praetereuntis
1218 1382 1402 1431 aquae.

275 1470 373 1507 nec
398 1464 571 1506 tamen
598 1457 854 1507 interdum
879 1458 1069 1521 pudeat
1094 1458 1319 1507 tenuisse
1346 1457 1575 1507 bidentes

171 1554 233 1595 30
345 1553 434 1595 aut
459 1546 667 1594 stimulo
694 1547 866 1594 tardos
892 1534 1407 1609 increpuisselmves⁹

276 1648 382 1682 non
408 1648 656 1697 agnamve
682 1634 799 1681 sinu
825 1634 999 1697 pigeat
1023 1634 1242 1682 fetumve
1270 1634 1500 1696 capellae

347 1722 603 1771 desertum
630 1722 790 1770 oblita
814 1729 977 1769 matre
1003 1721 1192 1771 referre
1220 1724 1444 1770 domum.

275 1819 329 1860 at
354 1825 440 1859 vos
467 1811 658 1873 exiguo
685 1811 876 1873 pecori,
907 1810 1151 1874 furesque
1176 1811 1405 1874 lupique,

347 1899 571 1963 parcite:
615 1899 678 1947 de
703 1913 891 1962 magno
921 1908 998 1947 est
1023 1899 1210 1961 praeda
1235 1900 1457 1962 petenda
1483 1913 1657 1963 grege.

174 1998 235 2039 35
276 1988 360 2038 hic
387 2003 484 2051 ego
511 1995 872 2051 pastoremque
896 2003 1068 2037 meum
1093 1989 1309 2037 lustrare
1335 1997 1464 2051 quot
1488 1990 1638 2037 annis

350 2084 401 2125 et
425 2076 679 2139 placidam
704 2077 849 2125 soleo
875 2091 1116 2140 spargere
1141 2077 1275 2125 lacte
1300 2077 1492 2125 Palem.

277 2164 470 2224 adsim,
506 2164 623 2224 divi,
657 2178 752 2213 nec
778 2179 866 2212 vos
895 2179 922 2213 e
947 2178 1174 2227 paupere
1202 2178 1379 2212 mensa

349 2252 487 2300 dona
512 2266 607 2302 nec
635 2266 663 2301 e
688 2252 827 2315 puris
854 2253 1076 2317 spernite
1105 2252 1363 2301 fictilibus.

277 2340 453 2389 fictilia
477 2340 719 2402 antiquus
747 2341 966 2404 primum
992 2341 1089 2389 sibi
1118 2340 1237 2389 fecit
1263 2341 1475 2403 agrestis

171 2437 234 2478 40
347 2430 554 2493 pocula,
587 2430 650 2478 de
675 2429 818 2478 facili
845 2430 1219 2493 conposuitque
1244 2431 1373 2478 luto.

274 2533 383 2568 non
411 2533 508 2582 ego
535 2519 732 2567 divitias
760 2527 962 2583 patrum
989 2520 1287 2582 fructusque
1313 2519 1537 2582 requiro,

349 2623 479 2671 quos
509 2608 626 2658 tulit
648 2609 863 2672 antiquo
890 2610 1099 2658 condita
1126 2609 1301 2658 messis
1330 2623 1456 2657 avo:
