<?xml version="1.0" encoding="UTF-8"?>
<!DOCTYPE html PUBLIC "-//W3C//DTD XHTML 1.0 Transitional//EN"
    "http://www.w3.org/TR/xhtml1/DTD/xhtml1-transitional.dtd">
<html xmlns="http://www.w3.org/1999/xhtml" xml:lang="en" lang="en">
 <head>
  <title>
</title>
<meta http-equiv="Content-Type" content="text/html;charset=utf-8" />
  <meta name='ocr-system' content='tesseract 3.04.00' />
  <meta name='ocr-capabilities' content='ocr_page ocr_carea ocr_par ocr_line ocrx_word'/>
</head>
<body>
  <div class='ocr_page' id='page_1' title='image "./catullitibullip02vahlgoog_0045.png"; bbox 0 0 1942 3000; ppageno 0'>
   <div class='ocr_carea' id='block_1_1' title="bbox 104 580 165 619">
    <p class='ocr_par' dir='ltr' id='par_1_1' title="bbox 104 580 165 619">
     <span class='ocr_line' id='line_1_1' title="bbox 104 580 165 619; baseline 0 0"><span class='ocrx_word' id='word_1_1' title='bbox 104 580 165 619; x_wconf 77' lang='lat'>15</span> 
     </span>
    </p>
   </div>
   <div class='ocr_carea' id='block_1_2' title="bbox 99 1022 165 1063">
    <p class='ocr_par' dir='ltr' id='par_1_2' title="bbox 99 1022 165 1063">
     <span class='ocr_line' id='line_1_2' title="bbox 99 1022 165 1063; baseline 0 0"><span class='ocrx_word' id='word_1_2' title='bbox 99 1022 165 1063; x_wconf 77' lang='lat'>20</span> 
     </span>
    </p>
   </div>
   <div class='ocr_carea' id='block_1_3' title="bbox 863 149 1058 186">
    <p class='ocr_par' dir='ltr' id='par_1_3' title="bbox 863 149 1058 186">
     <span class='ocr_line' id='line_1_3' title="bbox 863 149 1058 186; baseline -0.005 0"><span class='ocrx_word' id='word_1_3' title='bbox 863 149 1058 186; x_wconf 69' lang='lat' dir='ltr'><strong>LIBER.</strong></span> 
     </span>
    </p>
   </div>
   <div class='ocr_carea' id='block_1_4' title="bbox 208 304 1221 544">
    <p class='ocr_par' dir='ltr' id='par_1_4' title="bbox 208 304 1221 544">
     <span class='ocr_line' id='line_1_4' title="bbox 208 304 1194 369; baseline -0.001 -16"><span class='ocrx_word' id='word_1_4' title='bbox 208 306 381 364; x_wconf 84' lang='lat' dir='ltr'><strong>redde,</strong></span> <span class='ocrx_word' id='word_1_5' title='bbox 414 304 594 369; x_wconf 82' lang='lat' dir='ltr'>putida</span> <span class='ocrx_word' id='word_1_6' title='bbox 620 305 851 365; x_wconf 81' lang='lat' dir='ltr'>moecha,</span> <span class='ocrx_word' id='word_1_7' title='bbox 885 304 1194 353; x_wconf 86' lang='lat' dir='ltr'>codicillos.&#39;</span> 
     </span>
     <span class='ocr_line' id='line_1_5' title="bbox 209 393 1221 456; baseline -0.002 -15"><span class='ocrx_word' id='word_1_8' title='bbox 209 408 318 441; x_wconf 89' lang='lat' dir='ltr'>non</span> <span class='ocrx_word' id='word_1_9' title='bbox 347 393 475 441; x_wconf 80' lang='lat' dir='ltr'>assis</span> <span class='ocrx_word' id='word_1_10' title='bbox 503 393 669 441; x_wconf 79' lang='lat' dir='ltr'>facis?</span> <span class='ocrx_word' id='word_1_11' title='bbox 706 407 737 440; x_wconf 94' lang='lat' dir='ltr'>o</span> <span class='ocrx_word' id='word_1_12' title='bbox 766 393 948 449; x_wconf 87' lang='lat' dir='ltr'>lutum,</span> <span class='ocrx_word' id='word_1_13' title='bbox 984 393 1221 456; x_wconf 73' lang='lat' dir='ltr'>lupanar,</span> 
     </span>
     <span class='ocr_line' id='line_1_6' title="bbox 208 480 1144 544; baseline -0.001 -14"><span class='ocrx_word' id='word_1_14' title='bbox 208 489 301 530; x_wconf 79' lang='lat' dir='ltr'>aut</span> <span class='ocrx_word' id='word_1_15' title='bbox 326 482 369 530; x_wconf 91' lang='lat' dir='ltr'>si</span> <span class='ocrx_word' id='word_1_16' title='bbox 395 482 643 544; x_wconf 84' lang='lat' dir='ltr'>perditius</span> <span class='ocrx_word' id='word_1_17' title='bbox 670 489 841 544; x_wconf 86' lang='lat' dir='ltr'>potest</span> <span class='ocrx_word' id='word_1_18' title='bbox 866 480 990 544; x_wconf 89' lang='lat' dir='ltr'>quid</span> <span class='ocrx_word' id='word_1_19' title='bbox 1017 495 1144 529; x_wconf 89' lang='lat' dir='ltr'>esse.</span> 
     </span>
    </p>
   </div>
   <div class='ocr_carea' id='block_1_5' title="bbox 207 569 1337 632">
    <p class='ocr_par' dir='ltr' id='par_1_5' title="bbox 207 569 1337 632">
     <span class='ocr_line' id='line_1_7' title="bbox 207 569 1337 632; baseline -0.001 -13"><span class='ocrx_word' id='word_1_20' title='bbox 207 571 299 619; x_wconf 91' lang='lat' dir='ltr'>sed</span> <span class='ocrx_word' id='word_1_21' title='bbox 326 585 432 618; x_wconf 90' lang='lat' dir='ltr'>non</span> <span class='ocrx_word' id='word_1_22' title='bbox 460 578 537 619; x_wconf 86' lang='lat' dir='ltr'>est</span> <span class='ocrx_word' id='word_1_23' title='bbox 562 579 731 618; x_wconf 84' lang='lat' dir='ltr'>tamen</span> <span class='ocrx_word' id='word_1_24' title='bbox 757 571 858 618; x_wconf 90' lang='lat' dir='ltr'>hoc</span> <span class='ocrx_word' id='word_1_25' title='bbox 883 569 1008 618; x_wconf 84' lang='lat' dir='ltr'>sat-is</span> <span class='ocrx_word' id='word_1_26' title='bbox 1035 569 1337 632; x_wconf 82' lang='lat' dir='ltr'>putandum.</span> 
     </span>
    </p>
   </div>
   <div class='ocr_carea' id='block_1_6' title="bbox 207 658 1204 885">
    <p class='ocr_par' dir='ltr' id='par_1_6' title="bbox 207 658 1204 885">
     <span class='ocr_line' id='line_1_8' title="bbox 209 658 1204 722; baseline 0 -16"><span class='ocrx_word' id='word_1_27' title='bbox 209 658 350 722; x_wconf 89' lang='lat' dir='ltr'>quod</span> <span class='ocrx_word' id='word_1_28' title='bbox 376 659 418 708; x_wconf 88' lang='lat' dir='ltr'>si</span> <span class='ocrx_word' id='word_1_29' title='bbox 446 674 553 706; x_wconf 89' lang='lat' dir='ltr'>non</span> <span class='ocrx_word' id='word_1_30' title='bbox 577 658 717 707; x_wconf 80' lang='lat' dir='ltr'>aliud</span> <span class='ocrx_word' id='word_1_31' title='bbox 742 667 930 722; x_wconf 84' lang='lat' dir='ltr'>potest,</span> <span class='ocrx_word' id='word_1_32' title='bbox 962 659 1204 706; x_wconf 82' lang='lat' dir='ltr'>ruborem</span> 
     </span>
     <span class='ocr_line' id='line_1_9' title="bbox 207 748 1056 811; baseline -0.002 -15"><span class='ocrx_word' id='word_1_33' title='bbox 207 748 378 797; x_wconf 86' lang='lat' dir='ltr'>ferreo</span> <span class='ocrx_word' id='word_1_34' title='bbox 406 748 548 797; x_wconf 81' lang='lat' dir='ltr'>canis</span> <span class='ocrx_word' id='word_1_35' title='bbox 575 748 920 811; x_wconf 80' lang='lat' dir='ltr'><strong>exprimamus</strong></span> <span class='ocrx_word' id='word_1_36' title='bbox 948 761 1056 797; x_wconf 88' lang='lat' dir='ltr'>ore.</span> 
     </span>
     <span class='ocr_line' id='line_1_10' title="bbox 209 837 1103 885; baseline 0 0"><span class='ocrx_word' id='word_1_37' title='bbox 209 838 530 885; x_wconf 85' lang='lat' dir='ltr'>conclamate</span> <span class='ocrx_word' id='word_1_38' title='bbox 554 837 742 885; x_wconf 83' lang='lat' dir='ltr'>iterum</span> <span class='ocrx_word' id='word_1_39' title='bbox 769 837 954 885; x_wconf 75' lang='lat' dir='ltr'>altiore</span> <span class='ocrx_word' id='word_1_40' title='bbox 979 851 1103 885; x_wconf 90' lang='lat' dir='ltr'>voce</span> 
     </span>
    </p>
   </div>
   <div class='ocr_carea' id='block_1_7' title="bbox 205 925 1169 988">
    <p class='ocr_par' dir='ltr' id='par_1_7' title="bbox 205 925 1169 988">
     <span class='ocr_line' id='line_1_11' title="bbox 205 925 1169 988; baseline -0.001 -15"><span class='ocrx_word' id='word_1_41' title='bbox 205 925 442 973; x_wconf 83' lang='lat' dir='ltr'>‘moecha</span> <span class='ocrx_word' id='word_1_42' title='bbox 466 925 662 988; x_wconf 82' lang='lat' dir='ltr'>putida,</span> <span class='ocrx_word' id='word_1_43' title='bbox 701 925 857 973; x_wconf 87' lang='lat' dir='ltr'>redde</span> <span class='ocrx_word' id='word_1_44' title='bbox 883 925 1169 982; x_wconf 63' lang='lat' dir='ltr'>eodicfflozz,</span> 
     </span>
    </p>
   </div>
   <div class='ocr_carea' id='block_1_8' title="bbox 208 1013 1251 1432">
    <p class='ocr_par' dir='ltr' id='par_1_8' title="bbox 208 1013 1251 1432">
     <span class='ocr_line' id='line_1_12' title="bbox 208 1013 1194 1077; baseline -0.002 -15"><span class='ocrx_word' id='word_1_45' title='bbox 208 1014 382 1074; x_wconf 83' lang='lat' dir='ltr'>redde,</span> <span class='ocrx_word' id='word_1_46' title='bbox 414 1014 593 1077; x_wconf 85' lang='lat' dir='ltr'>putida</span> <span class='ocrx_word' id='word_1_47' title='bbox 616 1014 849 1073; x_wconf 81' lang='lat' dir='ltr'>moecha,</span> <span class='ocrx_word' id='word_1_48' title='bbox 884 1013 1194 1063; x_wconf 87' lang='lat' dir='ltr'>codicillos.&#39;</span> 
     </span>
     <span class='ocr_line' id='line_1_13' title="bbox 209 1101 1176 1165; baseline -0.002 -14"><span class='ocrx_word' id='word_1_49' title='bbox 209 1103 300 1151; x_wconf 88' lang='lat' dir='ltr'>sed</span> <span class='ocrx_word' id='word_1_50' title='bbox 329 1102 400 1150; x_wconf 88' lang='lat' dir='ltr'>nil</span> <span class='ocrx_word' id='word_1_51' title='bbox 428 1101 743 1165; x_wconf 86' lang='lat' dir='ltr'>proficimus,</span> <span class='ocrx_word' id='word_1_52' title='bbox 774 1102 903 1150; x_wconf 88' lang='lat' dir='ltr'>nihil</span> <span class='ocrx_word' id='word_1_53' title='bbox 931 1110 1176 1149; x_wconf 85' lang='lat' dir='ltr'>movetur.</span> 
     </span>
     <span class='ocr_line' id='line_1_14' title="bbox 208 1189 1251 1251; baseline -0.002 -12"><span class='ocrx_word' id='word_1_54' title='bbox 208 1190 458 1239; x_wconf 80' lang='lat' dir='ltr'>mutanda</span> <span class='ocrx_word' id='word_1_55' title='bbox 483 1198 559 1238; x_wconf 87' lang='lat' dir='ltr'>est</span> <span class='ocrx_word' id='word_1_56' title='bbox 583 1190 715 1238; x_wconf 79' lang='lat' dir='ltr'>ratio</span> <span class='ocrx_word' id='word_1_57' title='bbox 742 1189 1029 1251; x_wconf 84' lang='lat' dir='ltr'>modusque</span> <span class='ocrx_word' id='word_1_58' title='bbox 1052 1189 1215 1248; x_wconf 86' lang='lat' dir='ltr'>vobis,</span> <span class='ocrx_word' id='word_1_59' title='bbox 1246 1222 1251 1226; x_wconf 91' lang='lat'><em>-</em></span> 
     </span>
     <span class='ocr_line' id='line_1_15' title="bbox 211 1278 1156 1343; baseline -0.002 -15"><span class='ocrx_word' id='word_1_60' title='bbox 211 1279 381 1343; x_wconf 85' lang='lat' dir='ltr'>siquid</span> <span class='ocrx_word' id='word_1_61' title='bbox 407 1280 656 1342; x_wconf 87' lang='lat' dir='ltr'>proficere</span> <span class='ocrx_word' id='word_1_62' title='bbox 680 1279 899 1342; x_wconf 83' lang='lat' dir='ltr'>amplius</span> <span class='ocrx_word' id='word_1_63' title='bbox 925 1278 1156 1341; x_wconf 82' lang='lat' dir='ltr'>potestis,</span> 
     </span>
     <span class='ocr_line' id='line_1_16' title="bbox 209 1365 1219 1432; baseline -0.002 -17"><span class='ocrx_word' id='word_1_64' title='bbox 209 1367 417 1432; x_wconf 81' lang='lat' dir='ltr'>‘pudica</span> <span class='ocrx_word' id='word_1_65' title='bbox 443 1376 492 1415; x_wconf 91' lang='lat' dir='ltr'>et</span> <span class='ocrx_word' id='word_1_66' title='bbox 519 1368 697 1429; x_wconf 76' lang='lat' dir='ltr'>proba,</span> <span class='ocrx_word' id='word_1_67' title='bbox 731 1367 884 1414; x_wconf 91' lang='lat' dir='ltr'>redde</span> <span class='ocrx_word' id='word_1_68' title='bbox 910 1365 1219 1414; x_wconf 85' lang='lat' dir='ltr'>codicillos.’</span> 
     </span>
    </p>
   </div>
   <div class='ocr_carea' id='block_1_9' title="bbox 805 1552 1118 1560">
    <p class='ocr_par' dir='ltr' id='par_1_9' title="bbox 805 1552 1118 1560">
     <span class='ocr_line' id='line_1_17' title="bbox 805 1552 1118 1560; baseline -0.003 0"><span class='ocrx_word' id='word_1_69' title='bbox 805 1552 1118 1560; x_wconf 69' lang='lat'>——-——</span> 
     </span>
    </p>
   </div>
   <div class='ocr_carea' id='block_1_10' title="bbox 811 1737 1111 1786">
    <p class='ocr_par' dir='ltr' id='par_1_10' title="bbox 811 1737 1111 1786">
     <span class='ocr_line' id='line_1_18' title="bbox 811 1737 1111 1786; baseline 0.007 -2"><span class='ocrx_word' id='word_1_70' title='bbox 811 1737 1111 1786; x_wconf 85' lang='lat' dir='ltr'>XXXXIII.</span> 
     </span>
    </p>
   </div>
   <div class='ocr_carea' id='block_1_11' title="bbox 212 1896 1195 2579">
    <p class='ocr_par' dir='ltr' id='par_1_11' title="bbox 212 1896 1148 2299">
     <span class='ocr_line' id='line_1_19' title="bbox 215 1896 1104 1960; baseline -0.001 -14"><span class='ocrx_word' id='word_1_71' title='bbox 215 1897 381 1958; x_wconf 81' lang='lat' dir='ltr'>Salve,</span> <span class='ocrx_word' id='word_1_72' title='bbox 413 1911 508 1945; x_wconf 87' lang='lat' dir='ltr'>nec</span> <span class='ocrx_word' id='word_1_73' title='bbox 534 1896 750 1945; x_wconf 90' lang='lat' dir='ltr'>minimo</span> <span class='ocrx_word' id='word_1_74' title='bbox 775 1897 950 1960; x_wconf 84' lang='lat' dir='ltr'>puella</span> <span class='ocrx_word' id='word_1_75' title='bbox 977 1912 1104 1946; x_wconf 79' lang='lat' dir='ltr'>naso</span> 
     </span>
     <span class='ocr_line' id='line_1_20' title="bbox 212 1984 1148 2047; baseline -0.001 -13"><span class='ocrx_word' id='word_1_76' title='bbox 212 2000 311 2034; x_wconf 89' lang='lat' dir='ltr'>nec</span> <span class='ocrx_word' id='word_1_77' title='bbox 336 1984 473 2033; x_wconf 92' lang='lat' dir='ltr'>bello</span> <span class='ocrx_word' id='word_1_78' title='bbox 502 1985 632 2047; x_wconf 87' lang='lat' dir='ltr'>pede</span> <span class='ocrx_word' id='word_1_79' title='bbox 657 1998 754 2032; x_wconf 89' lang='lat' dir='ltr'>nec</span> <span class='ocrx_word' id='word_1_80' title='bbox 780 1984 941 2046; x_wconf 86' lang='lat' dir='ltr'>nigris</span> <span class='ocrx_word' id='word_1_81' title='bbox 969 1985 1148 2034; x_wconf 82' lang='lat' dir='ltr'>ocellis</span> 
     </span>
     <span class='ocr_line' id='line_1_21' title="bbox 213 2073 1103 2136; baseline -0.001 -14"><span class='ocrx_word' id='word_1_82' title='bbox 213 2088 310 2122; x_wconf 90' lang='lat' dir='ltr'>nec</span> <span class='ocrx_word' id='word_1_83' title='bbox 337 2073 506 2135; x_wconf 80' lang='lat' dir='ltr'>longis</span> <span class='ocrx_word' id='word_1_84' title='bbox 532 2073 704 2136; x_wconf 85' lang='lat' dir='ltr'>digitis</span> <span class='ocrx_word' id='word_1_85' title='bbox 731 2087 825 2121; x_wconf 90' lang='lat' dir='ltr'>nec</span> <span class='ocrx_word' id='word_1_86' title='bbox 851 2088 940 2122; x_wconf 89' lang='lat' dir='ltr'>ore</span> <span class='ocrx_word' id='word_1_87' title='bbox 963 2074 1103 2122; x_wconf 88' lang='lat' dir='ltr'>sicco</span> 
     </span>
     <span class='ocr_line' id='line_1_22' title="bbox 214 2162 1122 2224; baseline -0.001 -14"><span class='ocrx_word' id='word_1_88' title='bbox 214 2176 310 2210; x_wconf 90' lang='lat' dir='ltr'>nec</span> <span class='ocrx_word' id='word_1_89' title='bbox 338 2176 464 2211; x_wconf 82' lang='lat' dir='ltr'>sane</span> <span class='ocrx_word' id='word_1_90' title='bbox 489 2162 637 2210; x_wconf 86' lang='lat' dir='ltr'>nimis</span> <span class='ocrx_word' id='word_1_91' title='bbox 665 2162 903 2224; x_wconf 80' lang='lat' dir='ltr'>elegante</span> <span class='ocrx_word' id='word_1_92' title='bbox 927 2162 1122 2224; x_wconf 84' lang='lat' dir='ltr'>lingua,</span> 
     </span>
     <span class='ocr_line' id='line_1_23' title="bbox 212 2251 995 2299; baseline 0 0"><span class='ocrx_word' id='word_1_93' title='bbox 212 2251 500 2299; x_wconf 82' lang='lat' dir='ltr'>decoctoris</span> <span class='ocrx_word' id='word_1_94' title='bbox 525 2251 692 2298; x_wconf 81' lang='lat' dir='ltr'>amica</span> <span class='ocrx_word' id='word_1_95' title='bbox 715 2251 995 2299; x_wconf 81' lang='lat' dir='ltr'>Formiani.</span> 
     </span>
    </p>

    <p class='ocr_par' dir='ltr' id='par_1_12' title="bbox 213 2339 1195 2579">
     <span class='ocr_line' id='line_1_24' title="bbox 213 2339 1177 2403; baseline -0.002 -15"><span class='ocrx_word' id='word_1_96' title='bbox 213 2348 300 2388; x_wconf 86' lang='lat' dir='ltr'>ten</span> <span class='ocrx_word' id='word_1_97' title='bbox 327 2339 590 2403; x_wconf 84' lang='lat' dir='ltr'>provincia</span> <span class='ocrx_word' id='word_1_98' title='bbox 616 2348 790 2388; x_wconf 78' lang='lat' dir='ltr'>narrat</span> <span class='ocrx_word' id='word_1_99' title='bbox 814 2355 928 2388; x_wconf 84' lang='lat' dir='ltr'>esse</span> <span class='ocrx_word' id='word_1_100' title='bbox 954 2340 1177 2388; x_wconf 79' lang='lat' dir='ltr'>bellam?</span> 
     </span>
     <span class='ocr_line' id='line_1_25' title="bbox 213 2427 1178 2490; baseline -0.003 -13"><span class='ocrx_word' id='word_1_101' title='bbox 213 2436 384 2477; x_wconf 86' lang='lat' dir='ltr'>tecum</span> <span class='ocrx_word' id='word_1_102' title='bbox 408 2427 601 2476; x_wconf 81' lang='lat' dir='ltr'>Lesbia</span> <span class='ocrx_word' id='word_1_103' title='bbox 625 2436 804 2476; x_wconf 84' lang='lat' dir='ltr'>nostra</span> <span class='ocrx_word' id='word_1_104' title='bbox 830 2429 1178 2490; x_wconf 79' lang='lat' dir='ltr'>conparatur?</span> 
     </span>
     <span class='ocr_line' id='line_1_26' title="bbox 214 2516 1195 2579; baseline -0.003 -13"><span class='ocrx_word' id='word_1_105' title='bbox 214 2532 246 2565; x_wconf 92' lang='lat' dir='ltr'>o</span> <span class='ocrx_word' id='word_1_106' title='bbox 273 2518 502 2566; x_wconf 83' lang='lat' dir='ltr'>saeclum</span> <span class='ocrx_word' id='word_1_107' title='bbox 522 2516 784 2579; x_wconf 85' lang='lat' dir='ltr'>insapiens</span> <span class='ocrx_word' id='word_1_108' title='bbox 813 2526 862 2565; x_wconf 89' lang='lat' dir='ltr'>et</span> <span class='ocrx_word' id='word_1_109' title='bbox 886 2516 1195 2564; x_wconf 80' lang='lat' dir='ltr'>infacetum!</span> 
     </span>
    </p>
   </div>
   <div class='ocr_carea' id='block_1_12' title="bbox 807 2649 955 2655">
    <p class='ocr_par' dir='ltr' id='par_1_13' title="bbox 807 2649 955 2655">
     <span class='ocr_line' id='line_1_27' title="bbox 807 2649 955 2655; baseline 0 0"><span class='ocrx_word' id='word_1_110' title='bbox 807 2649 955 2655; x_wconf 95' lang='lat' dir='ltr'> </span> 
     </span>
    </p>
   </div>
   <div class='ocr_carea' id='block_1_13' title="bbox 1638 145 1710 196">
    <p class='ocr_par' dir='ltr' id='par_1_14' title="bbox 1638 145 1710 196">
     <span class='ocr_line' id='line_1_28' title="bbox 1638 145 1710 196; baseline 0 0"><span class='ocrx_word' id='word_1_111' title='bbox 1638 145 1710 196; x_wconf 69' lang='lat'>35</span> 
     </span>
    </p>
   </div>
  </div>
 </body>
</html>
