1942 3000
56 319 114 359 10

50 760 113 799 15

44 1202 109 1242 20

813 154 1008 192 nunu.
1588 150 1656 202 25

161 325 215 359 es
240 310 516 373 inpudicus
544 319 596 359 et
618 325 781 360 vorax
805 319 856 359 et
879 311 1013 359 aleo,

161 412 294 446 eone
319 398 546 457 nomine,
576 398 855 461 imperator
880 398 1051 457 unice,

159 485 302 533 fuisti
323 485 378 534 in
405 486 587 534 ultima
614 486 894 535 occidentis
929 486 1117 544 insula,

161 581 218 621 ut
242 573 344 621 ista
366 582 534 621 vestra
558 573 792 622 defututa
814 573 1043 622 mentula

161 662 429 710 ducenties
456 669 707 711 comesset
730 669 818 709 aut
841 660 1147 710 trecenties?

160 749 289 813 quid
315 757 391 798 est
415 750 519 798 alid
547 750 754 798 sinistra
779 750 1060 798 liberalitas
1076 750 1099 797 Ρ

157 854 344 903 parum
371 839 653 901 expatravit
676 854 743 888 an
772 854 954 901 parum
981 839 1200 887 elluatus
1228 839 1337 887 est?

159 936 378 991 paterna
402 927 565 989 prima
589 927 853 975 lancinata
877 935 999 975 sunt
1024 928 1188 975 bona:

158 1014 392 1063 secunda
414 1015 603 1077 praeda
625 1015 866 1064 Pontica:
909 1015 1028 1063 inde
1053 1015 1197 1063 tertia

157 1105 372 1163 Hibera,
405 1119 558 1166 quam
583 1103 678 1152 scit
701 1103 865 1151 amnis
900 1104 1092 1152 aurifer
1113 1104 1307 1167 Tagus.

157 1194 337 1241 timete
364 1191 579 1252 Galliae,
612 1192 748 1240 huuc
774 1193 894 1240 time
920 1193 1206 1241 Britannia.

158 1281 287 1344 quid
312 1281 450 1329 hunc
475 1282 668 1330 malum
692 1281 910 1329 fovetis?
948 1290 1037 1329 aut
1062 1282 1185 1344 quid
1212 1281 1293 1330 hic
1320 1289 1489 1345 potest

156 1370 262 1418 nisi
288 1377 446 1418 uncta
470 1369 713 1418 devorare
739 1369 1085 1433 patrimonia?

157 1473 294 1509 eone
319 1459 529 1508 nomine
556 1459 712 1519 orbiS‚
746 1473 776 1506 ο
804 1458 1019 1522 piissimi

156 1563 311 1597 socer
335 1562 611 1611 generque,
643 1547 937 1611 perdidistis
965 1547 1176 1595 omnia?

821 1991 993 2039 XXX.

153 2169 400 2232 Alphene
424 2168 678 2217 inmemor
702 2177 856 2232 atque
880 2169 1138 2217 unanimis
1166 2170 1297 2218 false
1321 2169 1604 2230 sodalibus,

155 2258 264 2306 iam
290 2266 341 2306 te
366 2256 443 2305 nil
467 2257 690 2317 miseret,
723 2258 864 2315 dure,
896 2258 969 2305 tui
997 2258 1162 2306 dulcis
1191 2258 1437 2306 amiculi?

153 2436 261 2483 iam
286 2448 371 2482 me
395 2433 631 2497 prodere,
662 2434 767 2482 iam
790 2449 897 2483 uon
923 2434 1127 2483 dubitas
1152 2435 1351 2494 fallere,
1384 2434 1609 2497 perfide?

154 2525 290 2573 eheu
329 2522 455 2586 quid
492 2521 711 2582 faciant,
767 2523 879 2583 dic,
931 2523 1196 2581 homines,
1254 2522 1398 2571 cuive
1433 2523 1658 2570 habeant

373 2611 526 2668 fidem
538 2610 561 2659 ?
