1942 3000
169 695 230 736 45

165 1140 228 1180 50

159 1586 229 1625 55

163 2029 225 2070 60

159 2470 223 2511 65

277 172 381 222 134
899 178 1144 217 ‘mmmm

275 332 504 396 quisquis
532 341 582 381 et
607 342 853 394 occurret,
887 349 952 383 ne
979 336 1143 398 possit
1166 336 1355 384 crimen
1382 336 1587 396 habere,

345 429 444 470 stet
468 423 651 486 procul
678 432 812 483 ante,
845 424 948 472 alia
973 432 1075 473 stet
1099 425 1280 487 procul
1306 434 1425 473 ante
1449 426 1547 473 via.

271 510 344 558 sic
372 510 478 558 fieri
503 511 645 559 iubet
670 511 781 574 ipse
806 512 946 572 deuS‚
979 513 1054 561 sic
1079 528 1267 573 magna
1290 512 1529 560 sacerdos

343 606 419 647 est
442 599 566 647 mihi
593 600 763 648 divino
791 601 1067 650 vaticinata
1091 616 1240 650 sono.

270 686 396 736 haec
426 688 511 735 ubi
535 688 786 737 Bellonae
812 698 956 737 motu
982 698 1058 738 est
1082 691 1292 753 agitata,
1323 705 1420 739 nec
1446 706 1617 740 acrem

343 776 616 837 flammam,
647 793 753 825 non
781 793 956 827 amens
984 781 1193 828 verbera
1218 788 1353 828 torta
1379 780 1548 829 timet:

270 865 383 928 ipsa
410 865 631 928 bipenne
656 882 776 915 suos
805 868 972 916 caedit
998 869 1225 916 violenta
1249 869 1467 918 lacertos

341 954 697 1016 sanguineque
724 954 885 1002 effuso
913 957 1108 1018 spargit
1129 956 1296 1005 inulta
1322 957 1486 1016 deam,

270 1049 472 1104 statque
498 1043 631 1090 latus
648 1045 888 1104 ‘praefixa
912 1059 1054 1103 veru,
1085 1053 1187 1093 stat
1210 1045 1384 1093 saucia
1408 1054 1604 1109 pectus,

341 1139 391 1179 et
416 1132 555 1180 canit
580 1115 805 1192 eventus,
841 1148 970 1195 quos
1000 1134 1095 1182 dea
1119 1149 1307 1197 magna
1330 1143 1523 1183 monet.

267 1221 495 1283 ‘pai-cite,
528 1236 682 1283 quam
708 1222 931 1270 custodit
954 1223 1134 1283 Amor,
1165 1224 1357 1272 violare
1383 1225 1627 1287 puellam,

341 1323 405 1356 ne
432 1308 607 1371 pigeat
630 1324 819 1372 magno
848 1318 964 1373 post
990 1311 1227 1360 didicisse
1251 1312 1405 1363 malo,

270 1399 509 1461 attigerit,
541 1401 781 1449 labentur
806 1415 947 1464 opes,
981 1409 1037 1449 ut
1061 1403 1271 1450 vulnere
1295 1409 1473 1451 nostro

340 1489 568 1551 sanguis,
602 1497 659 1538 ut
681 1488 765 1539 hic
792 1490 956 1538 ventis
984 1491 1322 1554 diripiturque
1349 1491 1516 1541 cinis,²

271 1584 320 1625 et
344 1578 437 1625 tibi
463 1579 637 1627 nescio
665 1594 792 1641 quas
820 1580 964 1638 dixit,
998 1594 1111 1628 mea
1138 1580 1305 1640 Delia,
1340 1595 1564 1642 poenas:

339 1666 382 1714 si
409 1674 579 1715 tamen
607 1668 866 1726 admittaS,
899 1669 965 1715 sit
991 1683 1175 1731 precor
1199 1669 1291 1717 illa
1315 1668 1458 1717 leviS.

268 1770 374 1803 non
402 1770 498 1817 ego
526 1764 576 1803 te
601 1764 810 1818 propter
837 1771 993 1818 parco
1020 1756 1128 1816 tibi,
1162 1757 1249 1804 sed
1276 1765 1365 1804 tua
1388 1765 1550 1805 mater

337 1858 418 1892 me
443 1851 615 1893 movet
639 1852 794 1907 atque
819 1846 919 1892 iras
947 1859 1105 1892 aurea
1129 1846 1288 1894 vincit
1311 1860 1458 1893 anuS.

266 1933 393 1981 haec
422 1933 544 1981 mihi
570 1941 619 1982 te
647 1934 851 1981 adducit
875 1934 1097 1982 tenebris
1123 1935 1388 1996 multoque
1414 1935 1596 1983 timore

341 2021 612 2084 coniungit
637 2030 840 2070 nostras
870 2023 1004 2070 clam
1029 2021 1282 2069 taciturna
1307 2037 1505 2082 manus,

264 2109 391 2157 haec
417 2109 719 2171 foribusque
745 2118 920 2158 manet
945 2118 1102 2158 noctu
1127 2124 1208 2157 me
1235 2110 1404 2158 adfixa
1428 2111 1714 2173 proculque

337 2198 604 2259 cognoscit
628 2198 869 2261 strepitus
895 2213 977 2247 me
1002 2199 1237 2247 veniente
1263 2199 1469 2262 pedum.

264 2285 373 2332 vive
398 2285 486 2332 diu
510 2285 654 2344 mihi,
690 2286 852 2333 dulcis
883 2301 1042 2335 anus:
1087 2287 1323 2350 proprios
1350 2302 1446 2350 ego
1473 2296 1659 2347 tecum,

336 2373 401 2421 sit
426 2373 579 2420 modo
606 2373 702 2433 fas,
735 2389 900 2422 annos
927 2374 1267 2423 contribuisse
1292 2376 1461 2423 velim.

264 2469 314 2510 te
340 2476 541 2525 semper
565 2472 841 2526 natamque
866 2471 1008 2512 tuam
1032 2472 1082 2512 te
1107 2472 1315 2527 propter
1339 2466 1552 2514 amabo:

336 2551 582 2614 quidquid
609 2553 733 2615 agit,
765 2554 978 2616 sanguis
1006 2562 1083 2602 est
1108 2563 1278 2603 tamen
1302 2555 1395 2603 illa
1417 2562 1553 2604 tuus.

262 2639 330 2687 sit
351 2640 507 2688 modo
534 2649 690 2700 casta,
725 2642 868 2702 doce,
903 2643 1131 2706 quamvis
1159 2658 1265 2691 non
1292 2644 1416 2692 vitta
1441 2644 1631 2706 ligatos
