1942 3000
295 135 366 185 90
893 141 1152 181 CATULLI

295 295 383 344 sed
411 302 527 344 tuus
553 295 686 345 altus
713 311 858 345 amor
884 298 1123 346 barathro
1151 298 1249 347 fuit
1272 299 1425 347 altior
1447 299 1557 358 illo,

366 384 456 448 qui
482 383 666 433 durum
690 385 934 433 domitam
958 386 1092 435 fen-e
1116 386 1294 449 iugum
1320 387 1508 436 docuit.

295 488 414 521 nam
438 487 607 536 neque
632 480 738 522 tam
763 488 939 522 carum
965 474 1201 523 confecto
1226 483 1392 524 aetate
1419 477 1619 538 parenti

168 568 264 610 120
364 576 469 609 una
496 569 649 625 caput
672 561 771 610 seri
798 569 920 610 nata
946 564 1147 626 nepotis
1175 563 1282 624 alit,

294 649 400 712 qui,
434 664 550 699 cum
577 649 759 699 divitiis
786 650 872 697 vix
896 651 1102 699 tandem
1126 652 1365 701 inventus
1390 652 1537 701 avitis

364 752 551 786 nomen
575 745 783 787 testatas
810 739 983 787 intulit
1006 740 1059 787 in
1087 740 1307 799 tabulae,

292 826 435 890 inpia
459 826 610 875 derisi
636 827 843 889 gentilis
868 828 1057 890 gaudia
1081 828 1271 877 tollens

362 914 576 963 suscitat
602 930 633 962 a
658 929 789 963 cano
816 915 1093 964 volturium
1119 917 1298 979 capiti:

167 1010 263 1051 125
294 1017 389 1052 nec
416 1011 616 1051 tantum
640 1003 786 1051 niveo
812 1004 989 1066 gavisa
1014 1011 1090 1052 est
1113 1005 1225 1053 ulla
1250 1006 1489 1055 columbo

361 1106 572 1155 conpar,
607 1106 742 1154 quae
764 1092 926 1140 multo
952 1092 1138 1141 dicitur
1161 1093 1429 1157 inprobius

292 1180 469 1229 oscula
494 1180 748 1228 mordenti
777 1194 978 1243 semper
1003 1181 1276 1245 decerpere
1302 1190 1468 1231 rostro

361 1283 517 1331 quam
542 1281 676 1332 quae
700 1269 976 1332 praecipue
1000 1269 1265 1320 multivola
1292 1278 1368 1320 est
1392 1272 1603 1321 mulier:

290 1357 378 1405 sed
402 1363 457 1404 tu
483 1357 665 1405 horum
691 1371 908 1420 magnos
934 1359 1100 1407 vicisti
1125 1360 1238 1408 sola
1264 1359 1481 1420 furoreS,

165 1452 259 1494 1³0
358 1452 416 1493 ut
441 1445 597 1493 semel
627 1459 680 1494 es
706 1445 839 1494 flavo
866 1447 1141 1496 conciliata
1166 1448 1291 1497 viro.

290 1541 379 1582 aut
403 1534 529 1582 nihil
556 1541 645 1582 aut
669 1536 847 1597 paullo
875 1536 956 1584 cui
985 1544 1093 1585 tum
1119 1537 1400 1586 concedere
1425 1538 1580 1600 digna

358 1623 449 1670 lux
473 1637 588 1671 mea
613 1637 667 1671 se
694 1626 924 1672 nostrum
949 1625 1169 1673 contulit
1193 1625 1247 1673 in
1273 1625 1539 1687 gremium,

289 1726 445 1774 quam
471 1710 874 1760 circumcursans
902 1712 1024 1760 hinc
1047 1711 1190 1760 illinc
1216 1725 1374 1774 saepe
1400 1710 1600 1776 Cupido

356 1799 588 1863 fulgebat
612 1800 821 1849 crocina
845 1799 1090 1848 candidus
1116 1799 1170 1847 in
1198 1800 1389 1849 tunica.

162 1895 256 1937 135
288 1902 421 1951 quae
444 1895 616 1936 tamen
644 1888 738 1936 etsi
764 1903 869 1936 uno
896 1903 1005 1937 non
1031 1895 1108 1936 est
1136 1895 1380 1937 contenta
1406 1886 1629 1949 Catulle,

356 1991 473 2024 rara
496 1976 814 2025 verecundae
840 1975 978 2024 furta
1003 1976 1224 2026 feremus
1252 1991 1386 2037 erae,

285 2079 351 2113 ne
375 2065 589 2114 nimium
615 2065 772 2113 simus
799 2065 1073 2113 stultorum
1096 2079 1240 2114 more
1264 2066 1484 2115 molesti.

355 2166 509 2216 saepe
534 2153 687 2201 etiam
710 2153 860 2214 Iuno,
891 2153 1117 2202 maxima
1141 2154 1463 2214 caelicolum,

284 2241 518 2304 coniugis
544 2241 598 2289 in
624 2242 777 2304 culpa
801 2241 1103 2305 flagrantem
1122 2243 1403 2306 concoquit
1424 2243 1569 2300 iram,

160 2338 253 2379 140
354 2344 575 2380 noscens
603 2330 846 2379 omnivoli
872 2330 1091 2393 plurima
1115 2331 1251 2380 furta
1274 2331 1428 2380 Iovis,

280 2426 349 2479 at,
383 2418 505 2483 quia
529 2433 625 2468 nec
652 2419 780 2469 divis
805 2420 1039 2469 homines
1069 2419 1354 2483 conponier
1379 2427 1664 2483 aequumst,

283 2633 1518 2646 οοοοοοοοοοοοοο
