1942 3000
187 366 248 407 25

291 157 396 248 570
878 202 1202 241 mom-:arn

291 357 542 406 Cerberus
569 364 619 406 ct
645 358 815 406 nullas
842 359 995 406 hodie
1021 367 1162 422 petat
1186 359 1434 422 inprobus
1461 361 1683 421 umbras,

362 455 412 495 et
436 447 601 495 iaceat
626 447 782 495 tacita
807 448 954 509 lapsa
980 455 1163 496 catena
1188 463 1319 497 sera.

243 553 252 558 ·
289 535 401 598 ipsa
426 536 611 597 loquar
636 549 728 598 pro
756 550 853 583 me.
934 536 978 584 si
1005 535 1148 596 fallo,
1181 552 1351 599 poena
1377 552 1611 586 sororum

187 807 247 847 30

183 1251 244 1291 35

186 1693 243 1733 {0

177 2135 244 2173 45

180 2574 239 2613 50

361 623 542 671 infelix
568 638 770 671 umeros
798 632 980 685 urgeat
1005 640 1133 672 urna
1158 639 1319 674 meos·

290 713 420 760 sicui
446 712 585 759 fama
610 711 706 759 fuit
730 726 823 775 per
847 714 982 760 avita
1011 721 1223 777 tropaea
1248 714 1437 775 decori,

360 799 489 847 Afra
512 799 857 848 Numantinos
884 816 1044 863 regna
1069 803 1354 865 loquuntur
1378 781 1518 863 avos,

287 889 450 937 altera
476 895 733 937 maternos
759 897 1014 952 exaequat
1040 892 1189 939 turba
1213 890 1461 951 LiboneS,

358 984 408 1025 et
434 977 611 1025 domus
641 985 717 1025 est
744 979 909 1027 titulis
938 987 1154 1042 utraque
1179 979 1310 1028 fulta
1335 980 1460 1027 suiS.

287 1080 425 1116 mox,
457 1066 546 1113 ubi
570 1066 673 1113 iam
699 1066 897 1114 facibus
926 1068 1079 1116 cessit
1104 1076 1368 1131 praetexta
1392 1069 1604 1128 maritis,

358 1154 522 1204 vinxit
548 1162 597 1201 et
621 1163 858 1217 acceptas
886 1157 1051 1204 altera
1076 1157 1201 1204 vitta
1227 1170 1418 1214 comae,

287 1244 491 1306 iungor,
524 1244 722 1303 Paulle,
755 1251 844 1292 tuo
874 1245 947 1293 sic
974 1245 1260 1294 discessura
1288 1245 1471 1294 cubili:

359 1332 414 1380 in
437 1332 612 1395 lapide
637 1333 735 1381 hoc
761 1333 850 1380 uni
879 1342 1042 1395 nupta
1067 1333 1227 1382 fuisse
1252 1335 1413 1396 legar.

290 1427 449 1469 testor
474 1421 727 1468 maiorum
754 1422 950 1470 cineres
977 1422 1085 1490 tibi,
1117 1421 1297 1482 Roma,
1329 1422 1594 1483 verendos,

359 1511 453 1558 sub
486 1525 705 1572 quorum
731 1510 910 1571 titulis,
942 1510 1140 1571 Africa,
1174 1518 1326 1575 tonsa
1352 1512 1507 1572 iaceS,

287 1605 354 1656 te,
390 1598 599 1657 Perseu,
633 1599 810 1660 proavi
838 1597 1166 1648 simulantem
1192 1608 1371 1663 pectus
1398 1599 1636 1658 Achillis,

357 1686 549 1749 quique
575 1694 689 1734 tuas
718 1700 910 1749 proavo
938 1688 1093 1750 fregit
1117 1689 1322 1737 Achille
1348 1689 1546 1747 domos,

287 1788 369 1821 me
395 1787 563 1836 neque
590 1786 837 1823 censurae
863 1776 1031 1837 legem
1055 1776 1288 1825 mollisse
1319 1790 1416 1824 nec
1444 1776 1551 1824 ulla

359 1862 475 1909 labe
500 1876 614 1910 mea
639 1870 833 1910 vestros
862 1864 1130 1912 erubuisse
1155 1864 1320 1913 focos.

287 1965 392 1998 non
419 1950 516 1997 fuit
543 1950 738 1998 exuviis
764 1951 920 1998 tantis
942 1951 1196 2000 Cornelia
1220 1953 1482 2011 damnum,

357 2038 480 2101 quin
514 2046 622 2086 erat
647 2045 696 2085 et
722 2053 942 2101 magnae
968 2055 1086 2103 pars
1111 2039 1360 2087 imitanda
1384 2039 1585 2087 domus.

286 2141 382 2175 nec
410 2135 524 2174 mea
547 2112 744 2177 mutata
774 2135 850 2175 est
875 2135 1035 2187 aetam,
1069 2128 1179 2176 sine
1206 2128 1418 2176 crimine
1444 2134 1630 2176 totastz

356 2215 572 2263 viximus
600 2216 828 2277 insignes
855 2216 992 2264 inter
1017 2223 1287 2279 utramque
1314 2216 1498 2264 facem.

283 2303 352 2350 mi
380 2310 563 2350 natura
592 2303 728 2350 dedit
752 2303 893 2364 leges
920 2319 952 2351 a
977 2305 1229 2367 sanguine
1265 2304 1462 2362 ductas,

352 2406 416 2439 ne
442 2404 647 2452 possem
672 2391 856 2438 melior
881 2392 1066 2440 iudicis
1095 2406 1207 2441 esse
1236 2400 1392 2440 metu.

284 2479 544 2542 quaelibet
569 2485 797 2526 austeras
827 2479 889 2528 de
917 2495 1000 2529 me
1026 2481 1158 2529 ferat
1183 2495 1315 2529 urna
1339 2480 1591 2529 tabellas:

356 2567 555 2628 turpior
579 2566 789 2614 adsessu
822 2582 929 2615 non
958 2569 1056 2617 erit
1081 2571 1188 2618 ulla
1214 2584 1348 2630 me0,

282 2654 362 2701 vel
390 2661 462 2712 tu,
498 2668 631 2716 quae
659 2655 858 2702 tardam
884 2657 1090 2706 movisti
1115 2659 1240 2707 fune
1267 2653 1530 2722 Cybeben,
