1942 3000
307 150 411 200 138
931 153 1173 192 TIBULLI

380 310 703 372 candidaque
728 310 944 371 antiquo
971 311 1165 359 detinet
1188 311 1327 358 Alba
1350 311 1475 358 lare.

307 413 530 461 namque
556 399 738 461 opibus
767 409 1012 460 congesta
1035 400 1136 447 tuis
1166 399 1249 447 hic
1274 399 1448 462 glarea
1475 398 1602 445 dura

201 496 266 537 60
378 488 634 547 sternitur,
665 488 748 536 hic
772 496 894 550 apta
918 488 1147 550 iungitur
1172 495 1280 536 arte
1305 488 1452 536 silex.

307 584 356 624 te
384 577 521 624 canit
545 576 792 638 agricola,
826 591 853 624 e
878 591 1069 638 magna
1094 591 1209 624 cum
1235 576 1429 624 venerit
1454 576 1579 624 urbe

379 679 521 714 serus
546 665 857 713 inoffensum
883 665 1234 726 rettuleritque
1259 665 1458 728 pedem.

307 760 361 801 at
386 761 459 814 tu,
490 754 675 802 natalis
702 754 890 802 multos
918 754 1221 802 celebrande
1246 768 1337 816 per
1361 768 1546 811 annm,

381 842 646 890 candidior
669 856 868 904 semper
894 842 1262 904 candidiorque
1288 842 1419 889 veni.

981 1211 1121 1260 VIII.

306 1372 424 1420 Non
452 1387 547 1435 ego
577 1372 730 1420 celari
756 1386 985 1435 possum,
1017 1372 1137 1434 quid
1165 1379 1319 1420 nutus
1345 1371 1562 1420 amantis

382 1461 565 1524 quidve
591 1460 759 1510 ferant
781 1460 890 1509 miti
915 1460 1054 1509 lenia
1077 1461 1233 1509 verba
1256 1474 1406 1509 sone.

307 1564 403 1598 nec
428 1550 553 1597 mihi
581 1558 702 1599 sunt
726 1557 889 1598 sortes
916 1563 1012 1597 nec
1038 1550 1248 1597 conscia
1274 1550 1401 1597 fibra
1426 1549 1657 1607 deorum,

378 1639 629 1702 praecinit
654 1647 861 1687 eventus
889 1652 985 1686 nec
1009 1638 1133 1686 mihi
1160 1646 1340 1687 cantus
1367 1638 1500 1687 avis:

237 1736 265 1775 5
307 1727 420 1790 ipsa
446 1727 621 1776 Venus
645 1727 849 1788 magico
877 1727 1149 1788 religatum
1175 1726 1414 1774 bracchia
1439 1726 1578 1774 nodo

378 1815 645 1877 perdocuit
671 1815 840 1863 multis
868 1829 973 1862 non
1003 1815 1116 1862 sine
1142 1815 1454 1863 verberibus,

308 1904 483 1952 desine
508 1904 858 1952 dissimulare:
903 1904 1028 1950 deus
1056 1903 1309 1951 crudelius
1340 1903 1437 1951 urit

380 2007 509 2055 quos
536 1993 672 2040 videt
695 1992 884 2040 invitos
911 1992 1248 2041 succubuisse
1274 1991 1385 2040 sibi.

307 2082 429 2145 quid
455 2082 549 2129 tibi
576 2096 715 2129 nunc
740 2082 921 2129 molles
949 2081 1157 2142 prodest
1182 2080 1404 2128 coluisse
1430 2079 1644 2142 capillos

207 2180 264 2220 10
378 2185 633 2234 saepeque
658 2177 878 2218 mutatas
906 2169 1225 2232 disposuisse
1251 2184 1443 2228 comae,

307 2260 428 2322 quid
453 2273 577 2307 suco
603 2259 906 2320 splendente
932 2272 1090 2319 genas
1118 2273 1317 2316 ornare,
1350 2258 1473 2319 quid
1498 2270 1698 2319 ungues

376 2346 591 2423 artificis!
609 2346 761 2394 docta
786 2346 1110 2394 subsecuisse
1134 2345 1327 2393 manu?

306 2437 493 2484 frustra
518 2436 621 2483 iam
645 2442 826 2494 vestes,
861 2435 1051 2482 frustra
1076 2442 1339 2482 mutantur
1363 2435 1596 2494 amictus,

377 2537 606 2586 ausaque
633 2538 940 2586 conpressos
969 2521 1169 2585 colligit
1193 2530 1302 2570 arta
1328 2523 1502 2585 pedes.

207 2621 265 2663 15
303 2613 395 2661 illa
419 2613 606 2675 placet,
641 2612 867 2675 quamvis
892 2612 1092 2660 inculto
1118 2611 1312 2660 venerit
1336 2626 1423 2659 ore
