1942 3000
247 146 357 198 250
839 150 1162 190 ΡΒΟΡΕΒΤΠ

918 414 1066 472 XIII.

242 572 362 620 Non
388 579 466 620 tot
488 571 851 621 Achaemeniis
879 581 1144 621 armantur
1170 573 1302 623 Susa
1327 573 1545 635 sagittis,

318 661 519 724 spicula
547 668 676 724 quot
701 669 879 710 nostro
905 669 1115 726 pectore
1140 663 1252 711 fixit
1274 662 1454 711 Amor.

246 749 329 798 hic
355 764 438 798 me
464 757 567 802 tam
594 750 814 813 graciles
841 750 1003 799 vetuit
1029 757 1355 799 contemnere
1379 765 1570 811 musaS,

315 838 463 887 iussit
490 845 540 886 et
563 838 849 890 Ascraeum
874 839 947 887 sic
974 838 1206 887 habitare
1232 852 1429 899 nemus,

177 937 206 976 5
248 941 354 975 non
382 934 438 974 ut
463 926 662 975 Pieriae
689 941 908 989 quercus
935 941 1051 975 mea
1076 927 1231 975 verba
1261 934 1560 990 sequantur,

317 1024 407 1064 aut
431 1015 626 1079 possim
650 1015 866 1064 Ismaria
890 1016 1078 1065 ducere
1103 1016 1235 1064 valle
1266 1016 1421 1076 feras,

248 1104 338 1153 sed
365 1105 527 1167 magis
554 1112 612 1152 ut
636 1112 814 1153 nostro
840 1106 1080 1168 stupefiat
1105 1103 1327 1166 Cynthia
1352 1118 1526 1153 versu:

317 1200 441 1240 tunc
468 1207 565 1255 ego
590 1192 689 1242 sim
711 1194 926 1242 Inachio
950 1194 1126 1242 notior
1150 1200 1259 1241 arte
1284 1192 1439 1241 Lino,

246 1295 354 1328 non
381 1295 477 1342 ego
506 1296 620 1329 sum
645 1282 843 1331 formae
869 1289 1071 1332 tantum
1095 1281 1311 1330 mirator
1334 1281 1598 1341 honestae,

145 1375 206 1418 ιο
318 1383 414 1418 nec
440 1369 589 1432 siqua
614 1370 856 1419 inlustres
882 1370 1075 1419 femina
1099 1370 1258 1420 iactat
1283 1384 1433 1419 avos:

247 1472 329 1507 me
353 1458 491 1508 iuvet
514 1459 569 1508 in
598 1458 793 1522 gremio
819 1459 1002 1508 doctae
1028 1459 1218 1522 legisse
1242 1458 1464 1523 puellae,

317 1547 527 1597 auribus
555 1556 605 1596 et
627 1548 768 1611 puris
795 1548 987 1611 scripta
1011 1549 1258 1612 probasse
1288 1562 1419 1596 mea.

245 1637 371 1686 haec
395 1637 483 1685 ubi
510 1638 836 1700 contigerint,
875 1638 1058 1701 populi
1083 1637 1301 1686 confusa
1326 1637 1492 1685 valeto

315 1724 520 1774 fabula:
565 1739 685 1774 nam
710 1725 919 1774 domina
944 1726 1114 1774 iudice
1141 1733 1280 1774 tutus
1309 1739 1417 1774 ero,

143 1821 163 1862 ι
178 1822 203 1862 5
244 1828 377 1877 quae
400 1815 445 1862 si
469 1814 604 1862 forte
629 1814 793 1864 bonas
820 1814 884 1862 ad
909 1829 1091 1877 pacem
1115 1814 1321 1864 verterit
1344 1828 1511 1875 auree,

314 1916 526 1965 possum
548 1901 843 1951 inimicitias
869 1908 993 1950 tunc
1020 1916 1117 1965 ego
1142 1903 1276 1952 ferre
1294 1903 1451 1952 Iovis,

886 2273 1017 2321 XIII
1029 2274 1079 2322 b.

238 2430 685 2495 Quandocumque
709 2432 865 2496 igitur
890 2440 1094 2481 nostros
1123 2446 1259 2480 mors
1286 2432 1490 2481 claudet
1514 2433 1734 2493 ocelloS,

308 2521 487 2583 accipe
512 2536 645 2584 quae
671 2535 841 2570 serves
868 2521 1064 2570 funeris
1090 2529 1207 2569 acta
1231 2521 1349 2569 mei.

237 2622 334 2656 nec
360 2622 473 2656 mea
498 2616 606 2656 tum
631 2609 790 2672 longa
815 2609 1067 2672 spatietur
1088 2608 1314 2671 imagine
1338 2623 1549 2672 pompa,
