1942 3000
786 183 964 221 LIBER
994 183 1104 221 1111.
1590 182 1692 235 311

205 336 406 387 Colchis
434 339 696 402 flagrantis
723 340 1054 388 adamantina
1079 341 1173 389 sub
1198 341 1321 404 iuga
1345 348 1522 390 tauros

107 434 164 475 10
270 426 374 488 egit
399 434 449 474 et
472 428 728 490 armigera
753 429 951 491 proelia
977 429 1106 477 sevit
1130 430 1305 489 hume,

205 515 528 577 custodisque
554 516 692 563 feros
720 517 905 565 clausit
929 518 1183 580 serpentis
1209 517 1396 578 hiatus,

268 603 363 652 iret
388 611 445 651 ut
466 604 723 653 Aesonias
750 619 906 654 aurea
931 606 1055 653 lana
1080 606 1279 655 domos,

202 706 326 740 ausa
350 691 497 740 ferox
522 694 587 741 ab
615 708 750 755 equo
777 694 1041 755 quondam
1067 708 1370 756 oppugnare
1394 696 1593 758 sagittis

268 780 486 828 Maeotis
514 781 756 828 Danaum
782 781 1109 829 Penthesilea
1136 789 1303 842 rates;

105 877 162 917 15
202 883 355 916 aurea
382 869 465 917 cui
494 877 769 931 postquam
795 869 1005 917 nudavit
1030 870 1229 919 cassida
1255 870 1495 930 frontem,

271 957 391 1004 vicit
414 957 662 1005 victorem
688 957 907 1005 candida
933 956 1100 1005 forma
1124 958 1304 1007 virum.

204 1043 457 1107 Omphale
480 1046 534 1094 in
560 1052 760 1093 tantum
785 1045 982 1094 formae
1009 1047 1261 1108 processit
1284 1047 1552 1107 honorem,

269 1132 434 1193 Lydia
461 1133 671 1197 Gygaeo
700 1134 859 1182 tincta
884 1135 1061 1197 puella
1087 1135 1220 1194 lacu,

201 1227 273 1280 ut,
308 1221 396 1282 qui
422 1231 605 1283 pacato
632 1223 894 1271 statuisset
917 1222 971 1269 in
1001 1223 1124 1270 orbe
1150 1223 1434 1283 columnas,

94 1316 158 1357 20
271 1317 377 1356 tam
403 1309 531 1357 dura
556 1311 779 1359 traheret
803 1310 986 1358 mollia
1011 1324 1174 1373 pensa
1199 1325 1373 1359 manu.

197 1396 472 1446 Persarum
496 1398 674 1445 statuit
696 1398 969 1459 Babylona
999 1398 1291 1447 Semiramis
1318 1401 1514 1460 urbem,

268 1493 326 1534 ut
353 1485 576 1535 solidum
603 1493 750 1535 cocto
778 1486 984 1535 tolleret
1009 1502 1199 1550 aggere
1225 1503 1373 1552 opus,

198 1582 250 1623 et
274 1575 376 1622 duo
402 1575 456 1622 in
484 1575 755 1622 adversum
778 1575 922 1622 missi
947 1589 1041 1638 per
1065 1578 1272 1625 moenia
1307 1592 1484 1626 currus

267 1678 334 1711 ne
359 1671 572 1726 possent
597 1670 736 1711 tacto
763 1662 1014 1725 stringere
1041 1664 1104 1712 ab
1131 1678 1229 1712 axe
1254 1665 1408 1723 latae,

90 1759 153 1799 25
199 1751 347 1799 duxit
374 1759 425 1800 et
448 1752 762 1815 Euphratem
786 1750 1029 1810 medium,
1064 1765 1169 1813 qua
1193 1751 1424 1799 condidit
1447 1765 1610 1811 arces,

265 1840 415 1889 iussit
440 1848 490 1888 et
514 1840 728 1904 imperio
756 1840 973 1889 subdere
1000 1840 1188 1887 Bactra
1214 1847 1386 1902 caput.

192 1943 314 1976 nam
341 1929 463 1991 quid
492 1943 588 1991 ego
616 1930 818 1988 heroaS‚
852 1928 974 1991 quid
1002 1936 1198 1990 raptem
1222 1927 1278 1975 in
1292 1927 1508 1975 crimina
1521 1928 1699 1977 divos?

267 2017 522 2079 (Iuppiter
545 2017 762 2064 infamat
785 2031 945 2078 seque
973 2029 1224 2078 suamque
1249 2015 1481 2077 domum)

192 2104 336 2168 quid,
367 2105 523 2152 modo
551 2118 685 2166 quae
710 2104 899 2152 nostris
928 2104 1208 2167 opprobria
1232 2103 1424 2152 vexerit
1448 2103 1605 2152 armis

81 2203 147 2244 30
263 2201 314 2242 et
339 2193 562 2241 famulos
589 2194 723 2241 inter
749 2192 939 2240 femina
966 2192 1089 2240 trita
1112 2191 1273 2241 suos?

192 2283 435 2345 coniugis
463 2282 674 2330 obsceni
700 2258 1182 2343 pretium⁴Romana
1206 2280 1449 2343 poposcit

262 2371 473 2419 moenia
497 2377 547 2419 et
572 2370 802 2418 addictos
828 2368 881 2416 in
907 2383 1003 2417 sua
1028 2383 1188 2432 regna
1212 2376 1403 2432 patres.

187 2459 349 2507 noxia
371 2456 708 2518 Alexandria,
742 2457 875 2506 dolis
901 2458 1170 2521 aptissima
1194 2457 1368 2517 tellus,

262 2555 312 2595 et
337 2547 523 2596 totiens
551 2555 729 2595 nostro
755 2546 984 2610 Memphi
1011 2554 1223 2595 cruenta
1248 2546 1404 2605 ma10‚

74 2644 139 2685 35
184 2643 292 2685 tres
321 2636 406 2685 ubi
431 2636 680 2700 Pompeio
708 2636 927 2685 detraxit
951 2637 1146 2685 harena
1171 2635 1487 2698 triumphos!
