1942 3000
833 143 1013 181 unna
1042 143 1084 180 1.
1604 140 1700 191 131

285 308 336 348 et
360 301 518 363 pudet
544 307 595 348 et
620 306 796 347 narrat
821 299 951 348 scire
977 299 1202 348 nefanda
1226 314 1408 347 meam.

214 403 323 437 non
350 389 475 437 facit
499 389 598 436 hoc
623 388 807 447 verbis,
840 387 971 436 facie
997 388 1290 451 tenerisque
1315 389 1518 436 lacertis

285 478 496 526 devovet
521 485 571 525 et
595 477 740 525 flavis
766 484 943 525 nostra
968 478 1144 539 puella
1171 477 1349 526 comis.

105 576 171 616 45
208 567 330 615 talis
357 567 419 614 ad
448 566 789 614 Haemonium
813 566 992 615 Nereis
1019 567 1175 614 Pelea
1200 567 1463 629 quondam

282 663 427 703 vecta
451 662 530 703 est
553 654 753 702 frenato
780 655 989 703 caerula
1013 655 1154 717 pisce
1178 656 1374 703 Thetis.

211 744 340 792 haec
366 757 589 791 nocuere
614 743 754 802 mihi,
788 743 927 805 quod
953 744 1098 790 adest
1122 743 1242 790 huic
1267 742 1404 791 dives
1431 750 1658 791 amator:

282 832 419 880 venit
444 833 498 879 in
525 832 737 880 exitium
764 831 952 880 callida
978 833 1099 880 lena
1124 846 1312 879 meum.

212 921 521 984 sanguineas
549 922 664 969 edat
687 921 778 968 illa
802 921 958 983 dapes
984 928 1139 983 atque
1166 935 1255 968 ore
1281 930 1495 969 cruento

102 1018 169 1060 50
283 1009 447 1057 tristia
471 1025 587 1057 cum
612 1010 774 1057 multo
801 1010 991 1072 pocula
1017 1009 1137 1057 felle
1163 1009 1332 1058 bibat:

209 1098 345 1146 hanc
370 1098 586 1146 volitent
611 1098 812 1146 animae
840 1098 1033 1147 circum
1059 1112 1153 1145 sua
1178 1098 1286 1145 sata
1313 1104 1585 1160 querentes

284 1201 499 1249 semper,
534 1194 582 1234 et
609 1201 636 1235 e
660 1187 808 1236 tectis
834 1187 961 1235 strix
989 1187 1214 1234 violenta
1240 1193 1416 1234 canat:

209 1274 324 1338 ipsa
347 1274 483 1322 farne
506 1274 801 1323 stimulante
827 1274 1002 1322 furens
1029 1275 1317 1337 herbasque
1343 1274 1590 1338 sepulcris

285 1371 495 1426 quaerat
522 1371 572 1412 et
598 1379 628 1410 a
654 1364 819 1412 saevis
847 1378 965 1411 ossa
992 1364 1169 1412 relicta
1193 1363 1346 1427 lupiS,

104 1460 168 1503 55
211 1460 382 1500 currat
407 1460 458 1500 et
479 1452 779 1516 inguinibus
805 1453 955 1502 nudis
982 1454 1248 1516 ululetque
1274 1466 1367 1516 per
1391 1453 1560 1513 urbes,

281 1549 403 1605 post
426 1549 547 1605 agat
573 1557 600 1590 e
624 1542 783 1589 triviis
811 1556 995 1604 aspera
1025 1543 1173 1590 turba
1197 1555 1401 1589 canum.

213 1630 474 1678 evenient:
518 1630 603 1677 dat
626 1630 779 1693 signa
803 1630 958 1678 deus:
1002 1637 1123 1678 sunt
1147 1629 1361 1677 numina
1386 1628 1598 1687 amanti,

282 1718 442 1767 saevit
467 1726 518 1767 et
540 1719 733 1767 iniusta
757 1719 872 1780 lege
898 1718 1079 1766 relicta
1102 1718 1299 1766 Venus,

211 1813 266 1855 at
289 1814 345 1854 ut
370 1822 525 1870 quam
550 1807 770 1870 primum
796 1822 953 1870 sagae
979 1814 1254 1870 praecepta
1280 1805 1480 1868 rapacis

102 1903 167 1943 60
283 1895 486 1944 desere:
531 1911 650 1944 nam
675 1896 825 1943 donis
852 1896 1072 1944 vincitur
1098 1896 1263 1944 omnis
1292 1909 1454 1943 amor.

211 1999 408 2048 pauper
432 1985 525 2033 erit
550 1993 755 2048 praesto
782 1985 873 2034 tibi
899 1993 1124 2048 praest0,
1156 1999 1353 2048 pauper
1377 1983 1544 2032 adibit

284 2073 475 2135 primus
504 2081 554 2121 et
578 2073 633 2120 in
657 2080 835 2121 tenero
863 2073 995 2120 fixus
1023 2073 1121 2121 erit
1145 2072 1322 2131 latere,

211 2175 409 2224 pauper
432 2162 486 2210 in
513 2169 734 2224 angusto
762 2162 890 2209 fidus
919 2176 1091 2210 comes
1118 2161 1325 2224 agmine
1349 2161 1531 2208 turbae

282 2249 602 2311 subicietque
627 2263 808 2296 manus
834 2249 1125 2311 efficietque
1149 2249 1300 2307 viam,

99 2346 166 2388 65
210 2352 408 2401 pauper
442 2337 506 2385 ad
532 2338 761 2386 occultos
789 2337 964 2386 furtim
991 2338 1206 2385 deducet
1231 2336 1424 2385 amicos

282 2426 555 2489 vinclaque
578 2427 643 2474 de
668 2426 817 2474 niveo
845 2426 1076 2475 detrahet
1098 2426 1211 2488 ipse
1236 2426 1382 2488 pede.

208 2515 312 2563 heu
338 2514 569 2563 canimus
596 2515 803 2573 frustra,
837 2529 932 2562 nec
958 2514 1126 2562 verbis
1154 2515 1290 2562 victa
1314 2513 1533 2576 patescit

281 2604 457 2664 ianua,
489 2604 576 2652 sed
603 2604 759 2667 plena
785 2610 860 2652 est
885 2603 1218 2665 percutienda
1243 2617 1415 2650 manu.

1327 2710 1384 2757 9.
