1942 3000
151 326 245 367 185

154 768 244 809 ยน90

151 1211 245 1253 195

144 2093 246 2138 205

24 2593 25 2640 1
147 2537 246 2580 210

23 2885 141 2969 ฮน

278 159 347 208 76
869 163 1125 201 CATULLI

276 333 371 367 nec
397 327 537 382 patet
563 333 797 382 egressus
825 319 996 382 pelagi
1024 320 1347 381 cingentibus
1377 320 1551 367 undis:

274 406 420 454 nulla
445 406 599 469 fugae
624 407 771 466 ratio5
805 409 949 455 nulla
974 422 1122 470 spes:
1167 409 1341 457 omnia
1366 418 1526 465 muta,

276 495 448 543 omnia
474 503 593 543 sunt
618 496 832 555 deserta,
865 504 1127 544 ostentant
1151 498 1324 546 omnia
1349 498 1525 546 let-um.

275 598 381 631 non
408 591 578 632 tamen
606 592 725 632 ante
751 584 875 631 mihi
902 585 1238 647 languescent
1262 586 1460 634 lumina
1486 594 1666 643 morte,

274 686 369 720 nec
395 672 536 734 prins
562 687 593 719 a
619 672 755 720 fesso
784 674 1024 722 secedent
1049 688 1264 736 corpore
1291 688 1489 732 sensus,

275 774 431 823 qnam
456 761 641 809 iustam
668 776 698 808 a
725 762 850 810 divis
879 776 1154 824 exposcam
1180 744 1385 825 prodita
1409 763 1638 818 multam,

275 849 654 912 caelestumque
680 851 828 898 fidem
855 859 1111 913 postrema
1138 865 1418 913 conprecer
1441 836 1585 898 hora.
1642 834 1645 837 v

274 952 450 1000 quare,
484 938 621 986 facta
646 939 809 986 virum
836 941 1108 988 multantes
1136 940 1337 988 vindice
1363 953 1532 1002 poena

275 1026 585 1084 eumenides,
621 1027 807 1089 quibus
834 1028 1061 1089 anguino
1089 1029 1321 1076 redimita
1347 1028 1533 1091 capillo

273 1115 417 1163 frons
445 1115 728 1177 expirantis
755 1124 1050 1177 praeportat
1078 1118 1299 1178 pectoris
1324 1117 1445 1173 iras,

275 1204 375 1251 huc
401 1204 501 1251 huc
526 1204 811 1262 adventate,
845 1218 986 1252 meas
1011 1205 1183 1252 audite
1209 1206 1483 1267 querellas,

275 1307 403 1354 quas
431 1306 546 1354 ego,
579 1306 669 1339 vae
695 1292 927 1351 miserae,
961 1294 1200 1342 extremis
1226 1295 1456 1357 proferre
1481 1294 1720 1343 medullis

274 1394 435 1444 cogor
458 1381 627 1444 inops,
659 1382 860 1440 ardens,
894 1383 1083 1429 amenti
1111 1381 1264 1430 caeca
1287 1383 1478 1431 furore.

276 1483 409 1533 quae
437 1470 683 1533 quoniam
707 1484 855 1518 verae
882 1479 1164 1519 nascuntur
1189 1480 1393 1534 pectore
1418 1472 1482 1519 ab
1507 1470 1629 1528 imo,

275 1574 364 1608 vos
393 1560 554 1608 nolite
578 1560 682 1622 pati
713 1569 943 1608 nostrum
972 1574 1245 1609 vanescere
1269 1561 1477 1618 luctum,

273 1647 362 1696 sed
390 1648 528 1710 quali
557 1648 722 1696 solam
747 1649 977 1697 Theseus
1005 1663 1085 1696 me
1110 1656 1280 1696 mente
1305 1647 1528 1710 reliquit,

274 1736 366 1784 tali
393 1745 581 1795 mente,
615 1736 756 1795 deae,
788 1737 1016 1785 funestet
1041 1750 1199 1798 seque
1224 1737 1490 1797 suosque.'

273 1825 363 1872 has
391 1831 664 1886 postquam
689 1832 886 1872 maesto
914 1824 1140 1887 profudit
1164 1832 1372 1886 pectore
1398 1839 1566 1884 voces,

274 1913 589 1976 supplicium
613 1913 776 1961 saevis
804 1927 1090 1975 exposcens
1117 1913 1274 1960 anxia
1299 1913 1465 1972 faede,

279 2001 457 2048 adnuit
483 2001 671 2048 invicto
699 2002 977 2049 caelestum
1004 2002 1212 2050 numine
1240 2013 1422 2062 rector,

277 2104 381 2152 quo
408 2099 530 2137 tunc
557 2098 607 2137 et
630 2089 782 2137 tellus
810 2097 964 2151 atque
992 2090 1199 2138 horrida
1224 2099 1643 2140 contremuerunt

274 2191 502 2240 aequora
527 2178 890 2240 concussitque
916 2178 1158 2230 micantia
1183 2179 1348 2228 sidera
1373 2180 1610 2228 mundus.

276 2266 387 2329 ipse
414 2274 583 2314 autem
610 2281 761 2314 caeca
788 2275 1009 2315 mentem
1036 2268 1256 2330 caligine
1280 2268 1512 2317 Theseus

276 2356 505 2404 consitus
535 2355 697 2403 oblito
724 2354 912 2403 dimisit
937 2364 1145 2418 pectore
1173 2363 1357 2405 cuneta

276 2458 408 2505 quae
434 2445 677 2493 mandata
704 2446 843 2508 prius
871 2446 1125 2494 constanti
1151 2455 1323 2494 mente
1347 2447 1572 2504 tenebat,

277 2532 448 2581 dulcia
474 2548 568 2582 nec
595 2543 789 2583 maesto
816 2534 1094 2583 sustollens
1120 2535 1270 2598 signa
1294 2536 1492 2598 parenti

276 2622 524 2684 sospitem
548 2622 888 2672 Erechtheum
915 2638 970 2671 se
998 2624 1219 2672 ostendit
1245 2625 1407 2673 visere
1432 2633 1652 2688 portum.
