1942 3000
88 515 155 554 45

93 957 156 996 50

97 1399 157 1439 55

99 1841 160 1882 60

100 2282 161 2322 65

784 172 958 209 ann
991 170 1106 209 1111.
1591 167 1691 216 181

201 329 387 392 qualis,
417 328 751 390 inaequatum
777 328 820 376 si
848 329 1056 391 quando
1085 342 1216 375 onus
1241 334 1391 389 urget
1414 326 1690 389 utrimque,

196 418 450 466 instabilis
478 425 621 465 natat
643 418 844 465 alterno
869 416 1161 479 depressior
1185 416 1324 463 orbe.

272 521 391 555 nam
417 521 509 554 seu
535 506 717 554 diversi
742 506 923 554 fremat
947 504 1298 553 inconstantia
1323 504 1479 566 vulgi,

199 610 309 643 non
334 596 465 643 alius
491 596 668 643 sedare
694 602 874 656 queat:
921 608 1014 641 seu
1039 593 1221 641 iudicis
1248 593 1327 641 ira

201 683 269 731 sit
291 685 560 746 placanda,
592 684 692 730 tuis
719 682 906 745 poterit
930 682 1195 729 mitescere
1220 682 1404 729 verbis.

200 786 306 819 non
333 771 485 832 Pylos
513 781 601 819 aut
623 772 798 819 Ithace
822 778 993 818 tantos
1020 770 1259 831 genuisse
1285 771 1518 819 feruntur

201 858 417 907 Nestora
443 860 520 907 vel
549 874 735 922 parvae
760 874 1006 921 magnum
1031 859 1184 906 decus
1214 859 1352 906 urbis
1378 858 1582 915 Ulixen,

201 948 381 995 vixerit
404 949 493 996 ille
520 962 679 996 senex
702 948 951 1010 quamvis,
984 947 1106 994 dum
1129 954 1277 995 terna
1300 961 1393 1009 per
1418 947 1595 1008 orbem

199 1036 408 1084 saecula
433 1036 687 1085 fertilibus
713 1036 867 1083 Titan
894 1036 1187 1084 decurreret
1212 1035 1371 1094 horis,

197 1124 287 1172 ille
314 1139 405 1188 per
428 1125 629 1187 ignotas
657 1125 826 1172 audax
854 1125 1097 1172 erraverit
1129 1124 1300 1182 urbes,

201 1228 306 1275 qua
329 1213 484 1261 maris
512 1213 749 1261 extremis
776 1213 928 1260 tellus
956 1212 1237 1261 includitur
1260 1212 1429 1260 undis.

201 1317 322 1349 nam
349 1301 703 1363 Ciconumque
726 1315 909 1348 manus
937 1301 1161 1348 adversis
1188 1300 1411 1364 reppulit
1436 1300 1609 1358 annia,

199 1404 296 1437 nec
321 1389 481 1437 valuit
505 1390 641 1436 lotos
670 1396 881 1450 coeptos
909 1396 1136 1437 avertere
1162 1403 1359 1448 cursus,

202 1478 357 1527 cessit
383 1485 431 1526 ct
454 1479 718 1526 Aetnaeae
743 1476 1031 1538 Neptunius
1059 1477 1234 1526 incola
1259 1478 1399 1541 rupis

200 1568 335 1616 victa
361 1567 611 1614 Maroneo
640 1565 874 1612 foedatus
901 1565 1098 1614 lumina
1122 1566 1360 1614 Baccho:

201 1656 340 1704 vexit
363 1664 411 1703 et
434 1654 649 1703 Aeolios
677 1653 935 1717 placidum
961 1667 1053 1716 per
1074 1654 1240 1702 Nerea
1264 1662 1468 1702 ventos:

199 1744 423 1792 incultos
450 1744 575 1792 adiit
599 1743 977 1804 Laestrygonas
1004 1742 1443 1805 Antiphatenque‚

202 1833 392 1880 nobilis
419 1831 630 1880 Artacie
656 1831 826 1892 gelida
852 1845 987 1892 quos
1014 1830 1205 1893 inrigat
1229 1831 1395 1879 unda:

202 1921 372 1969 solum
397 1935 491 1968 nec
517 1921 698 1967 doctae
724 1912 1201 1981 verterunt'pocula
1226 1918 1417 1976 Circes,

203 2009 431 2071 quamvis
458 2008 548 2056 illa
573 2009 706 2055 foret
733 2002 870 2057 So'lis
897 2023 1079 2069 geum,
1112 2017 1234 2070 apta
1259 2008 1338 2056 vel
1364 2007 1535 2055 herbis

202 2104 426 2159 aptaque
452 2097 530 2144 vel
559 2103 713 2144 cantu
739 2104 930 2144 veteres
957 2104 1158 2144 mutare
1183 2098 1398 2157 figuras:

203 2184 515 2234 Cimmerion
542 2185 696 2231 etiam
723 2185 968 2232 obscuras
994 2184 1211 2232 accessit
1237 2184 1299 2232 ad
1326 2183 1478 2242 arcis,

204 2273 315 2335 quis
343 2287 624 2334 numquam
649 2272 901 2320 candente
925 2272 1033 2320 dies
1061 2273 1298 2335 adparuit
1323 2279 1457 2329 ortu,

204 2376 295 2410 seu
320 2376 476 2423 supra
500 2368 659 2408 terras
685 2360 925 2408 Phoebus
952 2375 1044 2409 seu
1071 2368 1296 2409 curreret
1317 2360 1480 2407 infra:

203 2449 341 2508 vidit,
374 2457 432 2496 ut
455 2449 660 2496 inferno
688 2449 924 2496 Plutonis
951 2450 1156 2497 subdita
1180 2463 1343 2511 regno

201 2551 390 2599 magna
417 2537 566 2584 deum
591 2537 763 2598 proles
791 2537 984 2585 levibus
1013 2538 1316 2586 discurreret
1341 2535 1556 2594 umbriS,

202 2624 567 2688 praeteriitque
594 2625 696 2673 cita
721 2625 946 2673 sirenum
971 2626 1124 2673 litora
1149 2624 1327 2688 puppi.
