1942 3000
105 956 163 997 to

103 1398 163 1441 15

99 1839 163 1881 20

96 2284 162 2324 25

794 170 974 210 mmm
1005 170 1096 209 111.
1591 167 1695 219 253

202 343 295 377 nee
321 329 396 377 sio
423 341 591 377 errore
618 336 799 376 exacto
825 328 1045 376 laetatus
1071 325 1271 387 UlixeS,

273 432 389 465 cum
415 415 581 479 tetigit
606 430 754 464 carae
780 415 934 464 litora
956 415 1250 475 Dulichiae,

203 521 298 555 nee
324 505 398 554 sic
420 505 646 564 Electra,
676 505 875 553 salvum
902 519 1020 553 eum
1045 504 1283 567 adspexit
1309 502 1546 564 Oresten,

275 594 420 643 euius
448 594 580 642 falsa
604 602 785 643 tenens
810 593 1016 642 fleverat
1040 608 1159 641 ossa
1183 607 1348 653 soror,

203 697 299 732 nee
324 683 398 732 sie
419 683 731 732 ineolumem
754 682 945 731 Minois
970 682 1174 730 Thesea
1199 681 1338 742 vidit,

273 771 578 819 Daedalium
603 771 714 819 lino
741 785 857 819 eum
880 770 1012 818 (luce
1038 769 1172 818 rexit
1193 769 1309 831 iter,

205 868 398 922 quanta
425 874 522 922 ego
549 858 821 922 praeterita
848 858 1034 921 collegi
1063 857 1251 922 gaudia
1274 866 1454 909 nocte:

273 947 560 996 inmortalis
589 962 695 1008 ero,
726 948 767 995 si
794 948 956 996 altera
983 948 1100 997 talis
1126 948 1236 997 erit.

203 1044 258 1086 at
282 1036 401 1084 dum
428 1035 660 1085 demissis
687 1036 908 1099 supplex
936 1036 1217 1086 cervicibus
1244 1035 1400 1096 ibam,

276 1125 484 1174 dicebar
508 1126 647 1173 sieeo
673 1117 962 1173 vilior'esse
988 1125 1125 1174 lacu.

203 1227 301 1263 nee
325 1213 450 1261 mihi
475 1213 579 1261 iam
603 1213 765 1262 fastus
794 1228 1060 1277 opponere
1086 1214 1287 1277 quaerit
1308 1213 1537 1277 iniquos,

275 1316 370 1351 nec
395 1302 520 1350 mihi
547 1301 773 1364 ploranti
799 1302 939 1350 lenta
963 1303 1140 1352 sedere
1165 1310 1351 1366 potest.

203 1397 357 1454 atque
382 1391 582 1438 utinam
606 1404 714 1439 non
739 1397 845 1439 tam
870 1405 984 1439 sero
1010 1391 1136 1439 mihi
1161 1399 1287 1440 nota
1310 1391 1492 1441 fuisset

276 1478 540 1528 condicio!
580 1477 740 1528 cineri
766 1493 906 1527 nunc
932 1478 1186 1528 medicina
1211 1480 1376 1529 datur.

202 1575 322 1616 ante
347 1568 501 1630 pedes
530 1568 694 1619 caecis
720 1568 928 1617 lucebat
951 1568 1134 1617 semita
1158 1568 1340 1618 nobis:

275 1656 473 1705 scilicet
495 1657 681 1705 insano
707 1671 859 1705 nemo
884 1657 940 1704 in
965 1670 1142 1705 amore
1166 1656 1317 1705 videt.

206 1744 304 1793 hoe
330 1745 465 1793 sensi
492 1726 733 1808 prodesse
758 1746 952 1808 magis:
999 1744 1329 1805 contemnite,
1361 1753 1620 1793 amantes:

276 1832 349 1882 sio
374 1833 527 1882 hodie
554 1835 738 1895 veniet,
770 1834 920 1897 siqua
944 1815 1152 1897 negarit
1176 1833 1301 1882 heri.

205 1922 482 1985 pulsabant
506 1923 592 1971 alii
619 1924 807 1972 frustra
834 1922 1197 1985 dominamque
1222 1923 1502 1971 vocabant:

274 2025 474 2059 mecum
500 2011 678 2060 habuit
701 2012 926 2074 positum
952 2012 1094 2060 lenta
1118 2011 1293 2074 puella
1318 2019 1489 2074 caput.

202 2099 331 2147 haee
356 2099 479 2147 mihi
506 2098 713 2147 devictis
739 2100 910 2163 potior
934 2098 1150 2148 victoria
1174 2099 1394 2158 Parthis,

275 2186 402 2236 haec
429 2188 613 2250 spolia,
644 2188 771 2236 haee
796 2202 961 2250 rege8‚
995 2189 1123 2236 haee
1148 2188 1271 2237 mihi
1298 2201 1476 2236 currus
1503 2195 1666 2236 erunt.

201 2291 392 2339 magna
419 2290 517 2338 ego
543 2276 681 2325 dona
703 2283 793 2325 tua
817 2277 990 2339 figam,
1023 2276 1290 2339 Cytherea,
1322 2277 1583 2333 columna,

273 2366 477 2428 taleque
504 2365 599 2413 sub
625 2372 802 2414 nostro
833 2365 1039 2414 nomine
1065 2379 1272 2414 carmen
1297 2365 1410 2425 erit,

199 2454 308 2503 ‘has
337 2469 477 2516 pono
504 2461 625 2502 ante
647 2462 762 2502 tuas
789 2452 899 2513 tibi,
930 2454 1061 2515 diva,
1094 2454 1390 2517 Propertius
1417 2454 1567 2503 aedes

275 2543 502 2602 exuvias,
536 2549 645 2591 tota
669 2550 823 2591 nocte
847 2550 1083 2605 receptus
1109 2544 1328 2591 amans,³

200 2646 341 2680 nunc
367 2631 429 2679 ad
457 2639 523 2692 te,
553 2646 670 2681 mea
695 2632 801 2691 lux,
837 2630 1011 2680 veniat
1034 2645 1149 2681 mea
1171 2632 1324 2684 litore
1349 2631 1492 2681 navis
