1942 3000
196 672 260 711 45

197 1113 259 1152 50

196 1555 257 1595 55

195 1997 256 2035 60

194 2433 254 2474 65

309 151 417 202 352
895 154 1214 193 rnorem-11

303 325 401 358 nec
425 318 475 358 te
500 310 717 358 Medeae
742 309 998 358 delectent
1021 312 1211 372 probra
1236 311 1472 373 sequacis

376 398 584 461 (nempe
610 398 728 446 tulit
751 399 931 458 fastus»,
963 413 1092 446 ausa
1116 412 1300 460 rogare
1324 397 1510 462 prior),

304 487 395 536 sed
421 487 591 549 potius
619 486 793 533 mundi
819 486 979 534 Thais
1006 485 1230 547 pretiosa
1255 486 1544 545 Menandri,

375 590 492 623 cum
517 574 635 622 ferit
658 581 856 621 astutos
884 574 1085 622 comica
1108 574 1323 622 moecha
1351 573 1524 622 Getas,

303 665 357 711 in
382 677 550 711 mores
578 670 628 710 te
654 670 792 710 verte
815 662 939 710 viri:
983 661 1025 709 si
1051 662 1252 709 cantica
1274 662 1450 720 iactat,

370 751 388 799 i
416 766 585 799 comes
614 757 663 798 et
687 764 838 797 voces
865 750 1008 797 ebria
1028 749 1187 812 iunge
1212 756 1345 798 tuas.

301 840 493 889 ianitor
516 839 580 887 ad
607 841 784 887 dantes
808 839 1010 901 vigilet:
1056 839 1097 887 si
1127 840 1297 901 pulset
1321 839 1508 894 inanis,

373 929 556 977 surdus
582 928 636 975 in
663 927 938 974 obductam
964 928 1189 975 somniet
1214 943 1377 989 usque
1403 942 1587 977 seram.

300 1031 397 1064 nec
422 1015 511 1064 tibi
538 1015 805 1078 displiceat
828 1015 977 1063 miles
1005 1029 1111 1062 non
1138 1015 1302 1064 factus
1331 1016 1514 1075 amori,

373 1112 531 1152 nauta
555 1118 650 1152 nec
678 1104 849 1152 attrita
874 1104 917 1152 si
945 1104 1075 1151 ferat
1099 1118 1221 1152 aera
1244 1119 1420 1163 manu,

299 1200 388 1240 aut
414 1208 632 1255 quorum
657 1193 835 1241 titulus
863 1206 953 1255 per
982 1193 1200 1240 barbara
1227 1192 1364 1240 colla
1389 1194 1651 1255 pependit,

371 1281 554 1329 caelati
581 1282 749 1329 medio
778 1295 894 1328 cum
920 1281 1122 1329 saluere
1147 1279 1281 1328 foro.

299 1385 481 1418 aurum
506 1379 755 1432 speetat0‚
786 1384 893 1417 non
922 1383 1056 1432 quae
1080 1384 1263 1417 manus
1289 1369 1486 1416 z‘dserat
1509 1384 1711 1419 aurum.

368 1458 595 1507 versibus
622 1457 807 1506 auditis
835 1457 958 1521 quid
986 1457 1087 1506 nisi
1113 1457 1267 1505 verba
1292 1457 1460 1507 feres?

301 1546 388 1609 qui
414 1561 608 1604 versu8‚
642 1544 783 1594 Coae
806 1545 1002 1593 dederit
1027 1559 1121 1593 nec
1148 1559 1363 1594 munera
1387 1546 1560 1606 vestis,

367 1634 515 1682 istius
540 1634 633 1682 tibi
660 1635 725 1684 sit
750 1634 903 1683 surda
928 1635 1039 1684 sine
1063 1648 1181 1683 aere
1207 1635 1334 1696 lyra.

298 1725 418 1771 dum
444 1731 620 1772 vernat
644 1725 872 1786 sanguis,
904 1724 1027 1772 dum
1052 1724 1192 1785 mgis
1216 1724 1417 1786 integer
1440 1738 1628 1782 annm,

371 1818 528 1868 utere,
560 1826 625 1859 ne
653 1812 774 1873 quid
802 1826 914 1860 cras
941 1813 1067 1861 libet
1090 1814 1156 1860 ab
1183 1826 1271 1860 ore
1296 1813 1421 1861 dies.

296 1899 394 1947 vidi
420 1913 517 1961 ego
545 1899 744 1946 odorati
770 1899 964 1946 victura
989 1901 1186 1949 rosaria
1211 1901 1379 1949 Paesti

369 1988 464 2036 sub
490 1986 741 2034 matutino
768 1994 917 2035 cocta
938 1987 1105 2037 iacere
1131 1990 1298 2038 not0.'

298 2076 375 2124 his
402 2076 631 2123 animum
657 2083 864 2124 nostrae
890 2076 1013 2124 dum
1037 2086 1205 2126 versat
1227 2078 1479 2126 Acanthis
1505 2077 1721 2136 amicae,

367 2168 394 2226 †
420 2178 511 2227 per
534 2171 711 2212 tenues
739 2178 858 2212 ossa
884 2173 1006 2213 sunt
1030 2174 1481 2214 numerata‘cutes.

298 2253 385 2300 sed
412 2266 538 2314 cape
563 2260 848 2315 torquatae,
880 2255 1060 2302 Venus
1086 2270 1117 2302 ο
1144 2254 1338 2317 regina,
1371 2255 1643 2303 columbae

369 2341 434 2387 ob
461 2341 700 2387 meritum
723 2348 843 2388 ante
869 2347 986 2388 tuos
1012 2348 1219 2404 guttura
1245 2348 1384 2390 secta
1408 2342 1574 2390 focos·

296 2425 395 2473 vidi
423 2441 518 2487 ego
546 2440 738 2488 rugoso
764 2427 946 2475 tussim
973 2443 1301 2477 concrescere
1330 2430 1486 2487 collo,

366 2522 621 2575 sputaque
646 2528 738 2575 per
761 2514 937 2562 dentes
963 2515 1038 2564 ire
1065 2524 1278 2564 cruenta
1305 2531 1474 2577 cavos,

296 2604 450 2660 atque
473 2600 699 2647 animam
723 2601 777 2647 in
805 2608 998 2663 tegetes
1024 2610 1226 2664 putrem
1251 2605 1486 2666 expirare
1515 2613 1783 2667 paternas.
