1942 3000
289 160 399 211 320
882 159 1207 199 raom-:nm

293 334 447 384 saepe
471 319 617 367 illam
639 318 900 366 inmundis
927 332 1080 380 passa
1106 325 1185 365 est
1208 316 1437 365 habitare
1462 317 1712 378 tenebris,

363 409 516 457 vilem
541 407 745 456 iciunae
770 421 925 469 saepe
951 406 1157 468 negavit
1188 420 1394 468 aquam.

290 499 536 562 Iuppiter,
568 496 827 558 Antiopae
852 508 1110 556 nusquam
1135 494 1393 542 succurris
1420 493 1629 543 habenti

181 597 249 637 ⁴20
362 594 438 636 tot
462 585 631 633 mala?
671 584 951 646 corrumpit
978 583 1105 630 dura
1129 590 1314 630 catena
1338 597 1538 630 manus.

293 676 336 724 si
363 676 487 723 deus
517 689 591 733 es,
622 673 715 721 tibi
740 681 889 734 turpe
916 680 1058 719 tuam
1081 671 1272 718 servire
1297 671 1539 734 puellam.

358 764 564 812 invocet
587 762 816 824 Antiope
842 774 996 823 quem
1020 759 1119 807 nisi
1145 760 1318 807 vincta
1343 758 1550 807 Iovem?

292 854 407 903 sola
430 860 620 910 tamen,
652 862 1009 912 quaecumque
1034 848 1248 897 aderant
1272 848 1326 895 in
1354 861 1571 910 corpore
1596 848 1755 909 vires,

361 941 562 1003 regales
589 939 816 987 manicas
844 938 983 1001 rupit
1010 945 1227 999 utraque
1252 951 1428 985 manu.

179 1040 249 1081 25
290 1030 410 1079 inde
436 1027 761 1078 Cithaeronis
788 1027 966 1074 timido
995 1026 1126 1089 pede
1152 1025 1309 1074 currit
1329 1025 1384 1073 in
1411 1039 1571 1073 arces.

362 1132 469 1166 nox
495 1124 619 1176 erat,
654 1123 704 1164 et
729 1131 909 1178 sparso
935 1116 1080 1164 triste
1106 1115 1275 1163 cubile
1298 1114 1435 1178 gelu.

290 1220 444 1269 saepe
468 1220 599 1268 vago
625 1204 790 1268 Asopi
817 1205 991 1253 sonitu
1017 1212 1250 1269 permota
1275 1202 1476 1251 fluentis

361 1294 600 1343 credebat
626 1293 866 1342 dominae
891 1308 1029 1356 pone
1054 1293 1227 1342 venire
1252 1292 1425 1355 pedes,

290 1390 338 1433 et
363 1383 549 1431 durum
572 1382 787 1430 Zethum
813 1389 864 1430 et
888 1382 1112 1430 lacrimis
1139 1381 1435 1443 Amphiona
1460 1380 1674 1430 mollem

178 1481 246 1524 :30
360 1479 573 1535 experta
596 1481 673 1520 est
698 1470 911 1521 stabulis
939 1477 1103 1520 mater
1127 1470 1310 1519 abacta
1336 1469 1461 1518 suis,

287 1576 348 1610 ac
373 1560 547 1620 veluti,
578 1575 794 1624 magnos
825 1575 942 1608 cum
966 1566 1170 1622 ponunt
1197 1573 1425 1622 aequora
1449 1566 1638 1619 motus,

359 1664 510 1699 eurus
538 1649 626 1697 ubi
653 1649 866 1698 adverso
893 1648 1078 1697 desinit
1100 1649 1176 1697 ire
1201 1656 1344 1708 not0,

286 1739 439 1788 litore
464 1739 507 1787 si
533 1738 690 1786 tacito
717 1738 919 1787 sonitus
947 1737 1160 1787 rarescit
1186 1752 1390 1797 arenae,

356 1828 433 1875 sic
460 1826 623 1890 (cadit
647 1827 839 1874 inflexo
866 1827 1016 1890 lapsa
1040 1827 1215 1889 puella
1241 1825 1403 1890 genu)

177 1926 243 1967 :35
285 1931 418 1975 sera,
450 1923 623 1963 tamen
650 1914 842 1977 pietas:
888 1916 1023 1964 natis
1050 1924 1128 1964 est
1153 1915 1390 1978 cognitus
1419 1929 1577 1964 error.

357 2005 510 2067 digne
536 2003 670 2051 Iovis
701 2011 849 2051 natos
878 2004 968 2066 qui
993 2012 1168 2053 tueare
1193 2018 1369 2063 senex,

284 2102 340 2142 tu
366 2092 535 2141 reddis
564 2092 735 2156 pueris
762 2100 996 2151 matrem,
1029 2094 1278 2156 puerique
1304 2093 1606 2141 trahendam

352 2182 626 2229 vinxerunt
650 2181 843 2230 Dircen
870 2182 965 2230 sub
993 2182 1151 2230 trucis
1178 2196 1270 2230 ora
1296 2182 1456 2230 bovis„

281 2271 528 2333 Antiope,
562 2284 821 2333 cognosce
844 2271 1046 2319 Iovem:
1092 2270 1185 2318 tibi
1212 2270 1378 2332 gloria
1402 2269 1559 2319 Dirce

172 2367 239 2407 40
354 2358 559 2406 ducitur
582 2358 635 2405 in
661 2359 834 2407 multis
862 2366 1081 2406 mortem
1108 2359 1341 2406 habitura
1367 2359 1514 2408 locis,

280 2452 428 2508 prata
453 2453 786 2493 cruentantur
810 2446 969 2494 Zetho
998 2446 1265 2508 victorque
1291 2448 1509 2495 canebat

349 2547 549 2594 paeana
574 2533 836 2595 Amphion
864 2547 1009 2595 rupe,
1038 2533 1352 2595 Aracynthe,
1384 2542 1491 2583 tua.

277 2625 331 2666 at
354 2625 411 2666 tu
438 2634 544 2667 non
570 2621 802 2667 meritam
826 2635 1009 2683 parcas
1036 2634 1221 2670 vexare
1247 2622 1561 2685 Lycinnam:
