1942 3000
273 148 379 199 340
837 145 1165 185 PROPERTII

271 305 484 354 Umbria
509 312 559 353 te
584 304 722 353 notis
747 303 962 365 antiqua
989 301 1261 366 penatibus
1289 299 1392 347 edit

348 393 627 457 (mentior?
665 406 733 439 an
759 391 954 453 patriae
979 389 1209 451 tangitur
1234 402 1326 436 ora
1349 394 1466 435 tuae
1480 386 1548 449 ἲ),

276 499 378 545 qua
404 482 657 530 nebulosa
681 495 807 528 cavo
836 485 976 527 rorat
998 477 1237 525 Mevania
1262 491 1443 538 campo

347 577 397 618 et
420 570 563 617 lacus
590 567 794 616 aestivis
819 567 1017 628 intepet
1039 565 1230 613 Umber
1255 565 1403 626 aquis

151 667 171 705 1
186 667 246 706 25
276 657 670 717 scandentisque
694 654 831 702 Asisi
860 652 1122 714 consurgit
1144 652 1332 700 vertice
1355 666 1548 709 murUS,

345 759 522 793 murus
548 745 613 791 ab
641 742 850 804 ingenio
877 741 1051 788 notior
1074 741 1165 788 ille
1189 747 1297 788 tuo.

278 846 499 894 ossaque
523 830 694 892 legisti
720 843 826 877 non
852 828 943 876 illa
967 835 1135 876 aetate
1160 827 1380 889 legenda

348 920 524 983 patriS,
559 926 609 966 et
632 918 686 965 in
713 926 889 965 tenues
917 917 1116 978 cogeris
1142 916 1255 978 ipse
1280 916 1442 963 lares:

276 1022 398 1055 nam
422 1015 511 1054 tua
535 1020 651 1054 cum
675 1005 824 1052 multi
850 1011 1109 1052 versarent
1133 1017 1253 1050 rura
1276 1002 1493 1060 iuvenci,

151 1105 245 1145 130
345 1094 558 1143 abstulit
581 1094 812 1142 excultas
840 1093 1034 1155 pertica
1059 1092 1216 1139 tristis
1242 1104 1385 1153 opes,

276 1200 400 1233 mox
426 1183 512 1232 ubi
541 1183 684 1232 bulla
710 1182 820 1230 rudi
848 1182 1060 1228 dimissa
1085 1188 1161 1228 est
1184 1194 1339 1227 aurea
1374 1180 1529 1238 conc,

347 1272 522 1320 matris
550 1280 601 1320 et
624 1278 745 1319 ante
770 1271 892 1319 deos
920 1270 1084 1318 libera
1109 1275 1312 1331 sumpta
1338 1276 1477 1330 toga,

276 1368 385 1409 tum
409 1360 502 1408 tibi
527 1374 692 1422 pauca
717 1373 811 1406 suo
839 1358 903 1406 de
930 1357 1155 1405 carmine
1179 1356 1336 1404 dictat
1358 1356 1553 1418 Apollo

351 1457 402 1497 et
427 1455 560 1496 vetat
584 1448 767 1495 insano
795 1448 947 1494 verba
973 1452 1155 1493 tonare
1180 1445 1314 1492 foro,

153 1546 247 1588 135
277 1545 330 1586 at
354 1545 410 1584 tu
436 1537 571 1598 finge
600 1536 792 1598 eleg08‚
824 1534 990 1583 fallax
1016 1548 1165 1596 opuS‚
1199 1533 1350 1596 (hacc
1375 1539 1464 1581 tua
1490 1534 1687 1597 castra)

351 1624 545 1672 scribat
571 1632 625 1671 ut
651 1623 887 1686 exemplo
915 1629 1084 1670 cetera
1107 1621 1257 1668 turba
1283 1627 1390 1669 tu0.

277 1713 513 1761 militiam
539 1711 752 1760 Veneris
781 1710 982 1759 blandis
1009 1710 1202 1773 patiere
1227 1710 1322 1757 sub
1347 1708 1502 1756 armis

352 1809 401 1848 et
424 1800 640 1849 Veneris
666 1800 837 1862 pueris
864 1799 1004 1846 utilis
1030 1799 1190 1847 hostis
1219 1796 1334 1846 eris.

278 1904 399 1937 nam
424 1888 516 1936 tibi
540 1887 788 1945 victrices,
822 1902 1175 1949 quascumque
1200 1887 1379 1935 labore
1402 1886 1614 1948 parasti,

155 1984 248 2024 140
350 1975 520 2023 eludet
545 1974 741 2036 palmas
768 1989 872 2021 una
896 1975 1071 2037 puella
1097 1984 1236 2023 tuas:

280 2071 328 2111 et
354 2065 484 2111 bene
510 2077 627 2109 cum
654 2062 812 2109 fixum
837 2069 1012 2111 mento
1039 2061 1338 2110 discusseris
1365 2075 1573 2119 uncum,

350 2152 421 2199 nil
450 2152 545 2199 erit
567 2151 685 2209 hoc,
715 2157 882 2197 rostro
911 2157 961 2197 te
987 2157 1184 2213 premet
1207 2165 1334 2198 ansa
1359 2163 1472 2197 suo.

279 2239 419 2286 illius
446 2238 656 2286 arbitrio
682 2246 886 2286 noctem
909 2239 1181 2300 lucemque
1206 2237 1417 2296 videbis,

349 2332 495 2385 gutta
520 2339 728 2387 quoque
756 2339 820 2371 ex
845 2325 1009 2372 oculis
1037 2340 1143 2372 non
1169 2325 1270 2373 nisi
1296 2325 1437 2372 iussa
1462 2325 1628 2374 cadet.

154 2418 247 2458 145
278 2425 373 2458 nec
398 2411 540 2458 mille
566 2411 814 2458 excubiae
839 2425 935 2458 nec
962 2419 1013 2458 te
1039 2413 1242 2473 signata
1267 2412 1515 2460 iuvabunt

346 2497 552 2544 limina:
596 2510 868 2558 persuasae
893 2498 1075 2547 fallere
1099 2500 1227 2547 rima
1249 2507 1331 2548 sat
1364 2507 1458 2548 est.

277 2596 414 2629 nunc
439 2590 526 2628 tua
552 2583 632 2630 vel
658 2583 835 2631 mediis
862 2586 1049 2645 puppis
1077 2586 1296 2634 luctetur
1320 2587 1374 2635 in
1402 2587 1570 2645 undis,
