1942 3000
189 1729 247 1771 10

188 2170 248 2211 15

182 2612 246 2654 20

293 150 400 199 300
879 149 1199 190 1³30?an

294 307 461 357 exitus
486 308 570 356 hie
595 309 731 357 vitae
755 316 962 371 superet
985 307 1141 356 mihi:
1183 320 1292 366 voe,
1325 305 1511 369 quibus
1538 318 1687 353 arma

365 405 512 461 grata
535 397 718 460 magis,
750 396 923 446 Crassi
948 396 1099 458 signa
1123 395 1309 444 referte
1332 394 1559 442 domum.

883 582 1196 590 ...ῥῷ-

992 767 1084 816 VI.

289 926 389 975 Dic
415 927 540 975 mihi
566 926 631 975 de
655 933 848 986 nostra,
882 940 1016 987 quae
1041 926 1217 985 sentis,
1248 939 1369 973 vera
1394 924 1592 986 puella:
1629 920 1634 925 ’

362 1014 436 1063 sie
460 1014 552 1062 tibi
578 1013 684 1062 sint
708 1014 962 1072 dominae,
993 1013 1273 1075 Lygdame,
1305 1012 1512 1074 dempta
1534 1011 1677 1073 iuga.

290 1116 415 1152 num
438 1116 520 1150 me
545 1102 741 1151 laetitia
767 1101 1101 1149 tumefactum
1127 1100 1265 1149 fallis
1291 1100 1454 1159 inani,

360 1191 487 1239 haec
513 1190 737 1239 referens
763 1203 898 1252 quae
921 1204 1003 1238 me
1029 1189 1235 1238 credere
1259 1188 1391 1237 velle
1417 1188 1602 1250 putas?

291 1279 455 1327 omnis
483 1279 619 1328 enim
642 1279 794 1327 debet
817 1279 929 1327 sine
954 1293 1090 1326 vano
1117 1278 1329 1326 nuntius
1357 1291 1488 1338 esse,

359 1367 712 1430 maioremque
736 1367 1124 1439 timensqservus
1151 1367 1341 1416 habere
1366 1366 1535 1414 fidem.

288 1471 428 1506 nunc
454 1455 597 1517 mihi,
629 1456 779 1519 siqua
804 1463 965 1516 tene3‚
999 1456 1064 1504 ab
1094 1455 1295 1520 origine
1320 1455 1488 1505 dicere
1515 1454 1689 1518 prima

361 1545 561 1608 incipe:
604 1545 867 1608 suspensis
894 1545 1102 1594 auribus
1128 1545 1227 1594 ista
1253 1545 1443 1594 bibam.

291 1635 453 1684 sicine
479 1650 594 1684 eam
620 1636 895 1700 incomptis
920 1635 1092 1684 vidisti
1117 1636 1243 1684 fiere
1267 1633 1506 1697 capillis?

359 1723 500 1771 illius
530 1737 594 1771 ex
622 1724 786 1772 oculis
811 1724 976 1772 multa
1003 1723 1218 1771 cadebat
1242 1722 1412 1783 aqua?

289 1826 386 1860 nee
411 1812 680 1874 speculum
704 1819 862 1859 strato
889 1810 1076 1869 vidisti,
1108 1809 1389 1871 Lygdame,
1422 1809 1598 1857 lecto?

362 1899 581 1947 ornabat
604 1899 777 1946 niveas
804 1898 1019 1946 nullane
1044 1911 1246 1959 gemma
1268 1911 1452 1946 manus
1468 1898 1491 1945 ἶ)

290 1994 343 2035 at
369 1994 616 2035 maestam
640 1985 831 2034 teneris
858 1993 1049 2035 vestem
1074 1986 1300 2048 pendere
1324 1987 1548 2046 lacertis,

363 2075 655 2136 scriniaque
681 2074 748 2122 ad
772 2074 890 2123 lecti
916 2075 1096 2123 clausa
1120 2075 1291 2124 iacere
1316 2075 1505 2139 pedes?

289 2163 446 2211 tristis
474 2170 583 2211 erat
608 2163 807 2223 domus,
842 2171 894 2212 et
917 2164 1085 2212 tristes
1114 2178 1208 2213 sua
1234 2178 1396 2227 pensa
1420 2162 1684 2211 ministrae

362 2251 661 2313 carpebant,
691 2251 860 2301 medio
888 2254 1046 2301 nebat
1071 2260 1121 2300 et
1142 2253 1256 2315 ipsa
1281 2252 1416 2310 loce,

287 2340 564 2403 umidaque
586 2340 823 2405 inpressa
848 2342 1079 2391 siccabat
1102 2341 1298 2389 lumina
1322 2341 1459 2398 lana,

359 2431 557 2478 rettulit
582 2438 632 2480 et
658 2432 876 2493 querulo
902 2431 1072 2493 iurgia
1099 2436 1274 2478 nostra
1300 2429 1468 2477 sono?

286 2516 432 2567 ‘haec
458 2526 507 2568 te
532 2527 661 2568 teste
684 2520 810 2568 mihi
836 2520 1089 2583 promissa
1115 2525 1210 2576 est,
1242 2517 1524 2579 Lygdame‚
1555 2516 1792 2567 merces?

361 2615 437 2656 est
462 2622 666 2672 poenae
690 2622 838 2658 servo
865 2620 1102 2669 rumpere
1127 2612 1257 2656 teste
1283 2607 1452 2657 fidem.
