1942 3000
262 150 372 202 306
845 154 1170 193 PROPERTH

335 311 441 359 sive
466 324 608 359 meas
636 310 874 359 lacrimas
901 310 1006 358 sive
1033 311 1201 358 videre
1231 318 1364 358 tuas,

160 408 223 451 25
267 400 424 466 [tecta
449 399 734 462 superciliis
762 399 1016 462 siquando
1047 400 1198 446 verba
1223 399 1454 457 remittiS‚

336 498 424 538 aut
449 498 538 538 tua
566 505 684 537 cum
709 489 882 551 digitis
910 489 1098 550 scripta
1124 487 1325 536 silenda
1352 485 1547 549 notas]

265 580 348 627 odi
377 593 496 641 ego,
530 593 646 626 cum
672 592 954 639 numquam
980 583 1219 639 pungunt
1243 576 1462 639 suspiria
1486 589 1698 624 somnos
1719 593 1733 622 ε

336 680 538 729 semper
559 666 615 714 in
640 666 770 714 irata
795 665 1019 728 pallidus
1047 678 1157 713 esse
1184 664 1351 712 velim.

263 755 465 803 dulcior
489 754 625 817 ignis
656 761 765 803 erat
787 754 979 812 Paridi,
1013 768 1130 801 cum
1158 752 1314 802 Graia
1339 767 1431 816 per
1446 768 1598 801 -arma

158 852 219 894 3⁰
332 843 614 906 Tyndaridi
640 850 844 905 poterat
868 842 1056 904 gaudia
1081 842 1214 889 ferre
1241 855 1382 889 suae.

262 932 384 980 dum
408 932 623 980 vincunt
648 930 838 989 Danai,
871 931 993 978 <lum
1018 937 1174 978 restat
1201 931 1448 978 barbarus
1474 929 1684 987 Hector,

340 1019 429 1067 ille
455 1019 684 1067 Helenae
709 1019 764 1066 in
790 1020 984 1081 gremio
1009 1019 1235 1067 maxima
1260 1020 1395 1067 bella
1418 1019 1565 1081 gerit.

259 1115 351 1156 aut
375 1115 545 1155 tecum
569 1113 659 1153 aut
684 1120 777 1168 pro
804 1113 855 1154 te
878 1107 1004 1154 mihi
1032 1121 1148 1156 cum
1176 1108 1420 1155 rivalibus
1447 1121 1589 1155 arma

331 1208 535 1257 semper
559 1200 735 1241 erunt:
777 1193 833 1241 in
859 1200 910 1241 te
935 1209 1040 1256 pax
1064 1194 1188 1241 mihi
1214 1194 1359 1242 nulla
1392 1194 1578 1256 placet.

159 1292 220 1334 35
259 1283 428 1347 gaude
455 1282 592 1345 quod
620 1283 766 1330 nulla
791 1290 868 1331 est
891 1297 1057 1345 aeque
1082 1283 1338 1344 formosa:
1383 1284 1603 1342 dolereS‚

334 1369 484 1433 siqua
508 1371 673 1419 foret:
716 1384 857 1418 nunc
883 1370 953 1419 sis
978 1371 1090 1418 iure
1115 1372 1337 1434 superba
1361 1371 1497 1419 licet.

259 1468 313 1510 at
340 1459 450 1520 tibi,
485 1458 573 1523 qui
600 1466 778 1508 nostro
805 1459 995 1509 nexisti
1022 1459 1152 1508 retia
1177 1459 1331 1520 lecte,

331 1551 398 1599 sit
423 1564 572 1598 socer
598 1557 867 1598 aeternum
890 1563 990 1598 nec
1015 1549 1128 1597 sine
1152 1557 1315 1598 matre
1340 1550 1522 1598 domus
1543 1552 1555 1598 Ξ

262 1639 348 1688 cui
373 1655 515 1688 nunc
543 1639 693 1701 siqua
719 1639 838 1686 data
863 1645 940 1687 est
963 1637 1216 1687 furandae
1244 1638 1393 1701 copia
1418 1638 1602 1697 noem,

156 1735 220 1775 40
333 1726 531 1775 offensa
554 1726 648 1774 illa
672 1725 814 1786 mihi,
847 1740 953 1774 non
982 1725 1076 1774 tibi
1101 1726 1282 1786 amica,
1314 1725 1470 1773 dedit.

848 1927 1160 1937 ———--—-—-

925 2167 1095 2216 V1111.

260 2342 533 2392 Maecenas
562 2356 716 2406 eques
742 2343 957 2393 Etrusco
987 2345 1049 2392 de
1076 2344 1330 2406 sanguine
1355 2355 1549 2403 regum,

331 2431 467 2480 intra
490 2431 751 2481 fortunam
776 2433 862 2495 qui
888 2434 1034 2496 cupis
1065 2446 1179 2481 esse
1206 2439 1366 2489 tuam,

261 2519 384 2581 quid
409 2535 491 2569 me
517 2520 775 2569 scribendi
798 2528 903 2568 tam
927 2526 1125 2568 vastum
1148 2520 1307 2568 mittis
1334 2520 1389 2568 in
1414 2519 1646 2582 aequor?

331 2622 439 2656 non
463 2616 586 2657 sunt
609 2616 730 2672 apta
755 2623 901 2658 meae
926 2608 1142 2671 grandia
1167 2611 1281 2659 vela
1304 2610 1420 2659 rati.
