1942 3000
266 132 372 182 154
889 136 1131 175 ΤῙΒυιιι

160 300 224 340 20
339 305 572 354 rumpere
595 292 792 354 mugitu
813 267 1049 341 'carmina
1079 293 1232 341 docta
1260 293 1441 341 boves!

266 394 422 443 saepe
447 380 602 428 duces
628 380 834 443 trepidis
862 381 1054 444 petiere
1080 382 1290 430 oracula
1315 382 1483 439 robae,

338 469 473 517 venit
498 476 549 516 et
573 484 605 516 a
628 470 832 532 templis
858 470 1015 518 inrita
1037 471 1188 519 turba
1213 470 1448 518 domum:

267 572 423 621 saepe
448 558 659 606 horrere
685 573 861 607 sacros
888 559 1055 607 doluit
1078 558 1283 607 Latona
1308 559 1545 620 capilloS,

340 661 472 708 quos
498 646 748 696 admirata
776 655 855 696 est
876 647 992 711 ipsa
1015 661 1235 696 noverca
1260 647 1419 710 prius.

160 744 226 785 25
267 735 500 798 quisquis
527 735 922 799 inornatumque
949 743 1107 799 caput
1133 736 1401 797 crinesque
1426 735 1626 783 solutos

340 823 642 886 adspiceret,
673 824 870 874 Phoebi
897 833 1166 888 quaereret
1189 824 1277 873 ille
1304 839 1521 872 comam.

265 911 428 961 Delos
467 912 553 961 ubi
591 928 759 973 nunc,
804 914 1042 973 Phoebe,
1098 922 1185 962 tua
1223 921 1326 971 est,
1385 912 1472 960 ubi
1510 911 1767 974 Delphica

482 1001 681 1063 Pytho?

342 1103 527 1152 nempe
553 1104 698 1137 amor
721 1089 775 1137 in
803 1105 958 1153 parva
983 1098 1033 1138 te
1059 1091 1201 1139 iubet
1226 1104 1339 1139 esse
1364 1104 1499 1139 casa.

270 1177 446 1226 felices
474 1178 616 1238 olim,
648 1178 838 1227 Veneri
864 1193 983 1227 cum
1006 1178 1166 1227 fertur
1189 1186 1364 1242 aperte

167 1274 231 1316 30
343 1266 530 1314 servire
554 1273 793 1316 aeternos
819 1282 926 1315 non
952 1268 1196 1331 puduisse
1221 1267 1362 1316 deos.

271 1355 448 1404 fabula
472 1369 610 1403 nunc
634 1355 724 1403 ille
750 1363 853 1405 est:
897 1357 987 1405 sed
1014 1357 1096 1405 cui
1123 1371 1217 1405 sua
1243 1370 1364 1404 cura
1389 1355 1629 1418 puellast,

344 1444 523 1493 fabula
547 1443 612 1491 sit
636 1445 826 1493 mavult
852 1460 1008 1509 quam
1034 1446 1145 1494 sine
1172 1459 1347 1493 amore
1372 1444 1513 1492 dene.

274 1542 327 1582 at
352 1542 423 1594 tu,
457 1534 689 1597 quisquis
715 1534 760 1583 is
788 1548 858 1595 ee,
891 1535 974 1583 cui
1000 1535 1132 1583 tristi
1156 1534 1327 1583 fronte
1353 1533 1555 1596 Cupido

346 1623 564 1685 imperat
589 1631 644 1671 ut
667 1631 846 1672 nostra
869 1623 974 1672 sint
1001 1631 1090 1672 tua
1116 1632 1281 1672 castra
1307 1623 1479 1681 dom0‚

172 1897 234 1938 35
275 1888 440 1936 ferrea
464 1904 571 1936 non
586 1888 857 1949 Venerem,
889 1889 978 1937 sed
1005 1889 1262 1951 praedam,
1294 1888 1503 1937 saecula
1527 1887 1768 1937 laudant:

348 1976 538 2039 praeda
563 1985 735 2025 tamen
760 1977 935 2025 multis
963 1985 1042 2026 est
1065 1985 1279 2041 operata
1304 1976 1471 2025 malis.

276 2066 465 2129 praeda
489 2064 623 2113 feras
650 2065 785 2114 acies
813 2065 976 2114 cinxit
1000 2065 1320 2114 discordibus
1347 2065 1531 2113 armis:

348 2154 468 2202 hinc
494 2168 661 2212 cruor,
693 2153 815 2201 hinc
842 2155 1022 2203 caedes
1046 2169 1184 2203 mors
1210 2154 1525 2218 propiorque
1551 2153 1705 2201 venit.

277 2243 468 2306 praeda
492 2257 623 2304 vago
648 2241 797 2290 iussit
820 2241 1084 2303 geminare
1110 2243 1340 2305 pericula
1375 2249 1556 2305 ponto,

176 2339 240 2380 40
354 2330 538 2379 bellica
565 2345 682 2379 cum
706 2330 873 2380 dubiis
900 2339 1067 2380 rostra
1093 2331 1229 2381 dedit
1253 2331 1464 2380 ratibus·

279 2420 555 2483 praedator
581 2418 723 2482 cupit
745 2419 1011 2470 inmensos
1039 2419 1272 2468 obsidere
1298 2434 1524 2482 campoe,

350 2517 408 2555 ut
433 2507 594 2555 multa
618 2507 889 2557 innumera
913 2508 1095 2572 iugera
1120 2515 1299 2572 pascat
1325 2522 1444 2567 ove3

279 2596 363 2645 cui
389 2596 521 2659 lapis
549 2604 788 2646 externus
815 2612 967 2646 curae
994 2604 1088 2658 est,
1121 2597 1367 2660 urbisque
1391 2596 1639 2645 tumultus
