1942 3000
216 115 320 163 100
831 114 1087 155 cumn

111 281 171 322 20
287 273 466 335 eripite
491 273 624 320 hanc
650 280 844 334 pestem
870 271 1251 334 perniciemque
1277 270 1446 333 mihi),

215 361 295 408 hei
324 361 446 407 mihi
475 361 754 423 subrepens
783 360 914 408 imos
941 368 999 406 ut
1024 369 1203 422 torpor
1226 360 1281 407 in
1310 367 1447 407 artus

287 449 485 511 expulit
509 463 574 496 ex
600 449 740 497 omni
767 455 974 511 pectore
1004 448 1243 496 laetitias.

216 551 323 585 non
349 537 452 583 iam
476 536 603 584 illud
631 550 840 598 quaere,
874 543 1055 584 contra
1080 544 1138 583 ut
1163 550 1244 583 me
1272 535 1453 598 diligat
1477 535 1585 594 illa,

288 634 393 686 aut,
426 625 564 688 quod
591 640 697 673 non
726 625 859 687 potis
888 632 981 685 est,
1016 639 1128 673 esse
1153 625 1341 687 pudica
1364 624 1514 672 velit:

112 721 174 762 25
216 714 327 777 ipse
353 714 522 762 valere
549 722 672 776 opto
701 723 751 761 et
774 721 993 762 taetrum
1018 714 1154 762 hunc
1182 714 1439 776 deponere
1453 714 1705 761 morbum.

288 818 319 850 o
348 802 414 861 di,
447 803 639 850 reddite
664 802 733 849 mi
759 802 859 850 hoc
886 817 981 865 pro
1008 802 1196 864 pietate
1222 816 1352 849 mea.

796 1171 1141 1220 LXXXVIII.

216 1332 351 1394 Quid
379 1332 502 1381 facit
526 1333 588 1392 is,
623 1331 775 1391 Gelli,
809 1331 895 1395 qui
923 1346 1039 1380 cum
1064 1341 1225 1381 matre
1251 1341 1405 1396 atque
1431 1347 1606 1381 sorore

286 1422 454 1486 prurit
478 1428 528 1470 et
552 1421 760 1470 abiectis
788 1420 1058 1484 pervigilat
1082 1421 1303 1470 tunicis?

217 1511 342 1574 quid
370 1511 493 1559 facit
515 1511 575 1570 is,
610 1519 847 1574 patruum
873 1510 961 1573 qui
989 1526 1096 1558 non
1122 1511 1245 1559 sinit
1270 1525 1381 1560 esse
1404 1510 1677 1559 maritum?

289 1600 440 1663 ecqui
466 1599 565 1648 seis
593 1607 844 1662 quantum
870 1598 1118 1660 suscipiat
1142 1599 1386 1647 sceleris?

148 1693 177 1736 5
218 1688 449 1751 suscipit,
483 1702 514 1735 o
544 1687 697 1745 Gelli,
733 1693 982 1749 quantum
1008 1700 1113 1734 non
1141 1686 1321 1734 ultima
1346 1686 1535 1747 Tethys

288 1792 386 1826 nec
413 1777 613 1839 genitor
639 1776 979 1837 nympharum
1004 1774 1168 1822 abluit
1194 1773 1460 1823 Oceanusz

216 1880 342 1913 nam
366 1865 493 1913 nihil
522 1871 598 1914 est
623 1864 898 1927 quicquam
925 1863 1151 1921 sceleris,
1188 1877 1291 1925 quo
1319 1864 1531 1926 prodeat
1557 1864 1706 1923 ultra,

287 1969 394 2002 non
423 1954 467 2002 si
493 1953 712 2002 demisso
740 1966 795 2000 se
820 1951 931 2014 ipse
959 1962 1099 1999 voret
1124 1952 1305 2015 capite.

786 2326 1151 2375 LXXXVIIII.

219 2482 421 2533 Gellius
448 2493 526 2533 est
551 2486 748 2535 tenuis:
795 2486 917 2550 quid
945 2487 1037 2535 ni?
1076 2487 1157 2535 cui
1182 2496 1287 2537 tam
1312 2488 1450 2536 bona
1475 2494 1639 2535 mater

290 2581 496 2651 tamque
522 2576 694 2625 valens
720 2576 854 2625 vivat
878 2586 1085 2639 tamque
1112 2586 1326 2626 venusta
1356 2591 1503 2626 soror
