1942 3000
279 151 382 201 126
906 155 1003 192 ‘1⁸18
1011 154 1147 193 σιω

962 489 1083 537 1111.

275 666 380 716 ‘Sic
404 666 647 713 umbrosa
672 666 765 714 tibi
792 666 1100 728 contingant
1123 672 1274 724 tecta,
1305 666 1508 728 Priape,

348 768 414 803 ne
440 755 594 817 capiti
621 756 778 814 solc8‚
811 769 876 803 ne
900 761 1227 816 noceantque
1253 754 1425 802 nives:

278 857 409 905 quae
434 850 524 891 tua
548 843 802 891 formosos
830 843 965 906 cepit
990 843 1255 891 sollertia?
1293 849 1430 891 certe

346 945 453 979 non
479 931 570 979 tibi
598 932 756 979 barba
782 931 925 990 nitet,
957 945 1066 980 non
1091 931 1183 979 tibi
1210 932 1349 979 culta
1374 938 1589 990 comast,

211 1031 235 1069 5
277 1020 444 1068 nudus
474 1027 524 1068 et
548 1020 792 1068 hibernae
816 1020 1058 1082 producis
1084 1020 1277 1081 frigora
1303 1020 1530 1078 brumae,

348 1108 515 1156 nudus
543 1116 594 1157 et
616 1108 793 1157 aestivi
818 1116 1053 1170 tempora
1075 1107 1215 1155 sicca
1240 1107 1423 1155 canis.³

278 1199 351 1247 sic
378 1213 474 1261 ego
495 1217 506 1247 ι
551 1206 659 1247 tum
682 1198 874 1246 Bacchi
899 1197 1169 1260 respondit
1195 1197 1386 1245 rust-ica
1410 1198 1601 1260 proleS,

347 1296 569 1337 armatus
597 1302 750 1337 curva
775 1288 850 1335 sic
875 1286 1001 1335 mihi
1026 1288 1159 1335 falce
1184 1287 1328 1335 deus.

275 1378 324 1425 ‘o
351 1379 472 1440 fuge
495 1385 546 1425 te
569 1385 776 1426 tenerae
803 1391 1079 1439 puerorum
1105 1376 1309 1425 credere
1333 1377 1541 1425 turbae:

178 1475 259 1517 10·
348 1483 469 1516 nam
496 1482 703 1517 causam
726 1466 846 1515 iusti
871 1480 1074 1529 semper
1097 1465 1286 1515 amoris
1314 1466 1522 1515 habent.

276 1557 357 1606 hic
383 1558 568 1620 placet,
600 1557 831 1619 angustis
858 1556 999 1618 quod
1025 1570 1214 1618 equum
1237 1554 1502 1618 conpescit
1523 1553 1766 1603 habenis:

349 1646 433 1694 hic
457 1646 711 1709 placidam
735 1646 885 1693 niveo
912 1652 1123 1707 pectore
1148 1644 1296 1706 pellit
1320 1658 1535 1706 aquam:

278 1734 378 1793 hic,
411 1734 532 1796 quia
556 1734 701 1781 fortis
729 1733 873 1781 adest
898 1733 1131 1791 audacia,
1167 1732 1331 1794 cepit:
1374 1740 1427 1780 at
1450 1731 1528 1779 illi

348 1822 604 1885 virgineus
631 1830 831 1869 teneras
857 1829 960 1868 stat
986 1821 1153 1883 pudor
1177 1828 1298 1869 ante
1322 1834 1498 1882 genas.

179 1918 237 1958 15
277 1911 366 1959 sed
393 1925 457 1959 ne
483 1918 533 1959 te
559 1910 780 1973 capiant,
813 1910 977 1973 primo
1005 1910 1046 1957 si
1077 1909 1209 1957 forte
1233 1910 1460 1971 negabit,

348 2000 543 2048 taedia:
588 1998 855 2062 paullatim
879 2000 974 2047 sub
1002 1999 1124 2062 iuga
1150 1999 1287 2047 colla
1313 1999 1469 2047 dabit.

277 2089 437 2150 longa
462 2087 568 2136 dies
597 2087 791 2135 homiui
818 2087 994 2134 docuit
1017 2101 1196 2149 parere
1222 2088 1419 2146 leoneS,

348 2178 508 2241 longa
533 2177 640 2226 dies
665 2177 809 2224 molli
836 2191 963 2224 saxa
988 2177 1186 2239 peredit
1210 2191 1375 2239 aqua:

278 2280 444 2314 annus
469 2266 522 2313 in
550 2265 738 2328 apricis
764 2273 987 2314 maturat
1012 2266 1230 2314 collibus
1255 2280 1396 2320 uvas,

175 2363 235 2403 20
348 2368 514 2403 annus
541 2353 648 2417 agit
673 2362 811 2402 certa
836 2354 1008 2402 lucida
1032 2354 1183 2415 signa
1206 2352 1331 2401 vice.

276 2457 372 2491 nec
399 2443 566 2490 iurare
590 2442 743 2490 time:
786 2442 1004 2490 Veneris
1030 2441 1256 2504 periuria
1279 2441 1415 2489 venti

347 2533 499 2580 inrita
524 2546 614 2595 per
639 2540 799 2581 terras
827 2539 876 2580 et
902 2531 1034 2579 freta
1058 2545 1255 2578 summa
1280 2530 1468 2577 ferunt.

276 2622 441 2684 gratia
465 2636 655 2684 magna
679 2621 815 2668 Iovi:
859 2619 1021 2668 vetuit
1046 2627 1189 2681 pater
1213 2617 1325 2681 ipse
1350 2600 1554 2677 valereJ
