1942 3000
69 1397 133 1438 10

66 1842 130 1885 15

60 2283 124 2324 20

793 170 971 209 Lusa-R
1001 171 1044 209 ι.
1555 166 1668 217 -217

761 397 766 401 ’
847 432 993 482 xm.

176 592 271 652 Tu,
302 593 440 655 quod
467 606 622 655 saepe
647 593 802 652 soloe,
835 600 1014 641 nostro
1040 593 1298 641 laetabere
1324 607 1466 652 casu,

248 679 416 741 Galle,
437 669 586 744 'quod
611 682 825 744 abrepto
851 682 995 729 solus
1023 695 1199 730 amore
1222 695 1417 729 vacem.

179 775 229 817 at
253 783 357 817 non
383 770 494 832 ipse
518 777 636 817 tuas
661 769 921 828 imitabor,
952 770 1164 831 perfide,
1196 783 1380 818 voces:

246 858 423 906 fallere
448 866 497 906 te
523 871 823 921 numquam,
857 857 1024 917 Galle,
1058 859 1236 921 puella
1259 857 1396 906 velit.

177 948 296 995 dum
319 948 411 996 tibi
436 948 662 1011 deceptis
688 954 905 1010 augetur
928 948 1068 995 fama
1090 947 1298 1010 puelliS,

249 1042 419 1083 certus
445 1043 495 1083 et
517 1036 572 1082 in
598 1036 743 1083 nullo
770 1035 972 1098 quaeris
1000 1047 1177 1084 amore
1200 1049 1417 1095 moram,

177 1123 400 1187 perditus
426 1123 480 1170 in
507 1123 727 1185 quadam
753 1123 908 1171 tardis
935 1124 1220 1185 pallescere
1246 1124 1380 1171 curis

246 1212 429 1275 incipis
457 1219 507 1259 et
533 1211 698 1274 primo
724 1211 899 1273 lapsus
926 1211 1070 1259 abire
1094 1211 1274 1273 gradu.

175 1301 302 1348 haec
329 1300 422 1348 erit
447 1299 654 1347 illarum
681 1301 960 1362 contempti
988 1315 1157 1363 poena
1182 1300 1393 1360 doloriS,

245 1389 521 1436 multarum
545 1387 755 1436 miseras
783 1388 954 1450 exiget
978 1403 1084 1436 una
1109 1389 1261 1437 vices.

174 1478 301 1527 haec
327 1477 418 1526 tibi
442 1478 677 1540 vulgares
703 1477 828 1526 istos
855 1484 1133 1540 conpescet
1157 1490 1374 1537 amoreS,

245 1581 341 1615 nec
366 1581 501 1614 nova
526 1566 820 1629 quaerendo
846 1579 1048 1628 semper
1072 1566 1268 1613 amicus
1295 1565 1413 1614 eris.

173 1656 302 1703 haec
329 1669 425 1716 ego
453 1670 558 1703 non
585 1669 789 1703 rumore
815 1655 917 1714 ai0‚
950 1669 1058 1702 non
1084 1669 1280 1716 augure
1304 1654 1512 1702 doctus:

245 1743 347 1791 vidi
375 1758 501 1805 ego:
545 1758 627 1791 me
653 1757 847 1807 quaeso
873 1751 1002 1791 teste
1027 1757 1218 1806 negare
1243 1742 1425 1805 potes?

172 1832 274 1880 vidi
301 1847 398 1895 ego
424 1840 476 1881 te
500 1840 610 1880 toto
637 1832 865 1880 vinctum
889 1832 1224 1894 languescere
1251 1831 1388 1879 collo

247 1928 297 1968 et
321 1921 442 1968 flere
466 1920 685 1979 iniectis,
719 1919 886 1980 Galle,
919 1920 1009 1967 diu
1031 1920 1288 1979 manibus,

172 2016 224 2058 et
250 2023 439 2072 cupere
465 2008 653 2071 optatis
680 2009 905 2056 animam
930 2009 1192 2070 deponere
1216 2007 1392 2067 labriS,

247 2104 298 2144 et
322 2111 457 2159 quae
482 2097 667 2144 deinde
690 2110 832 2145 meus
860 2096 1011 2154 celat,
1045 2096 1225 2155 amice,
1258 2095 1441 2158 pudor.

168 2200 281 2234 non
307 2200 404 2248 ego
432 2185 716 2248 conplexus
745 2184 892 2247 potui
916 2184 1156 2232 diducere
1181 2191 1402 2232 vestros:

243 2280 417 2323 tantus
445 2281 554 2322 erat
579 2274 788 2322 demens
813 2274 947 2320 inter
971 2280 1218 2335 utrosque
1244 2272 1404 2320 furor.

168 2378 281 2411 non
308 2363 381 2410 sic
406 2362 694 2410 Haemonio
723 2361 1024 2411 Salmonida
1049 2361 1237 2409 mixtus
1264 2360 1465 2422 Enipeo

240 2451 528 2499 Taenarius
555 2450 697 2499 facili
723 2449 911 2512 pressit
936 2463 1111 2498 amore
1139 2450 1283 2508 deus,

164 2555 266 2590 nec
293 2540 367 2588 sic
395 2540 666 2588 caelestem
690 2539 913 2601 flagrans
947 2552 1093 2586 amor
1118 2537 1356 2585 Herculis
1381 2536 1562 2585 Heben

242 2629 407 2678 sensit
431 2629 495 2677 ab
524 2626 732 2677 Oetaeis
759 2626 947 2690 gaudia
969 2627 1137 2689 prima
1162 2625 1313 2688 iugiS.
