1942 3000
785 161 964 198 menn
995 160 1087 199 111.
1581 159 1684 208 177

86 325 151 366 25
191 317 278 365 sed
303 318 482 380 procul
511 333 542 365 a
568 317 718 366 nobis
746 316 830 365 hic
854 318 1116 378 sitftimor,
1149 318 1360 381 illaque,
1393 318 1608 380 siquast‚

263 405 384 467 quid
410 406 578 453 valeat
602 406 728 453 laesi
754 406 943 454 sentiat
964 405 1043 453 ira
1067 406 1166 454 dei.

191 493 311 556 quid
339 507 520 555 precor
545 495 611 541 ah
637 494 884 543 demens?
920 495 1058 542 venti
1084 495 1353 543 temeraria
1379 503 1513 554 vota,

261 581 429 629 aeriae
458 589 508 630 et
534 582 696 630 nubes
724 582 1012 644 diripienda
1036 582 1219 630 ferant.

191 671 418 732 quamvis
445 671 589 718 nulla
614 671 713 719 mei
740 679 974 733 superest
998 671 1090 719 tibi
1115 685 1255 730 cura,
1287 670 1501 730 Neaera,

86 767 152 809 30
262 759 330 807 sis
357 758 500 818 felix,
533 767 583 807 et
608 760 714 807 sint
739 760 957 807 candida
981 759 1090 807 fata
1115 766 1221 807 tua.

192 854 245 895 at
268 862 362 894 nos
388 861 598 895 securae
625 847 892 894 reddamus
918 854 1152 910 tempora
1176 861 1413 895 mensae:

262 935 401 983 venit
424 943 544 997 post
567 936 756 983 multos
784 951 890 983 una
914 950 1096 983 serena
1121 935 1246 983 dies.

193 1024 277 1071 hei
302 1023 444 1083 mihi,
478 1023 687 1071 difficile
713 1030 790 1071 est-
812 1023 1001 1071 imitari
1026 1023 1213 1085 gaudia
1238 1023 1387 1083 falsa,

264 1111 469 1159 difficile
495 1119 572 1160 est
596 1111 729 1159 tristi
755 1114 949 1174 fingere
971 1120 1144 1160 mente
1174 1112 1363 1171 iocum,

85 1210 148 1251 35
190 1214 284 1248 nec
314 1201 446 1248 bene
469 1200 701 1248 mendaci
728 1200 857 1249 risus
886 1201 1197 1263 conponitur
1221 1214 1328 1260 ore,

258 1304 356 1337 nec
381 1289 513 1337 bene
539 1288 772 1337 sollicitis
801 1290 944 1337 ebria
967 1292 1122 1339 verba
1147 1296 1352 1338 sonant.

191 1377 312 1439 quid
341 1390 528 1439 queror
552 1376 770 1425 infelix?
807 1384 980 1439 turpes
1008 1377 1251 1426 discedite
1277 1390 1457 1425 curae:

260 1465 368 1513 odit
392 1464 630 1513 Lenaeus
657 1465 821 1513 tristia
843 1466 1001 1514 verba
1026 1474 1188 1528 pater.

192 1554 404 1613 Gnosia,
437 1554 669 1602 Theseae
696 1555 955 1617 quondam
982 1554 1209 1616 periuria
1232 1555 1443 1616 linguae

85 1653 149 1694 40
262 1644 442 1691 flevisti
467 1644 648 1704 ignoto
675 1644 789 1691 sola
814 1643 994 1691 relicta
1017 1644 1174 1691 mari:

191 1732 264 1780 sic
292 1731 477 1779 cecinit
502 1745 594 1794 pro
623 1741 673 1778 te
699 1731 898 1789 doctu8‚
930 1730 1116 1790 Minoi,
1148 1729 1399 1788 Catullus,

261 1819 450 1881 ingrati
477 1819 700 1867 referens
729 1819 871 1881 inpia
895 1818 1031 1866 facta
1054 1818 1167 1866 viri.

190 1923 280 1956 vos
310 1923 404 1970 ego
431 1923 570 1956 nunc
595 1923 812 1956 moneo:
857 1908 1000 1967 felix,
1034 1907 1343 1970 quicumque
1367 1905 1545 1953 dolore

263 1997 473 2044 alterius
499 1996 664 2044 disces
693 2011 846 2058 posse
873 2010 1052 2044 cavere
1078 2003 1185 2043 tuo.

84 2079 148 2135 45
192 2099 288 2132 nec
314 2100 401 2132 vos
429 2091 517 2132 aut
542 2085 747 2146 capiant
772 2085 1049 2146 pendentia
1076 2082 1314 2131 bracchia
1338 2081 1474 2131 collo

265 2180 354 2219 aut
378 2172 526 2220 fallat
551 2172 739 2219 blanda
763 2171 971 2219 sordida
995 2171 1175 2233 lingua
1200 2184 1369 2233 prece.

192 2260 286 2309 etsi
312 2273 505 2322 perque
530 2273 650 2306 suos
678 2259 839 2306 fallax
862 2259 1045 2306 iuravit
1071 2259 1263 2306 ocellos

264 2348 619 2409 Iunonemque
645 2362 791 2395 suam
817 2361 1011 2408 perque
1039 2361 1185 2393 suam
1211 2344 1483 2403 Venerem,

191 2437 338 2484 nulla
365 2436 485 2483 fides
512 2435 691 2483 inerit:
737 2434 960 2497 periuria
986 2434 1114 2482 ridet
1139 2440 1402 2481 amantum

87 2535 148 2576 50
264 2524 494 2588 Iuppiter
522 2531 571 2571 et
596 2531 775 2571 ventos
802 2522 955 2570 inrita
986 2522 1118 2570 ferre
1142 2521 1300 2568 iubet.

193 2627 319 2675 ergo
346 2613 469 2674 quid
497 2612 684 2659 totiens
712 2610 910 2659 fallacis
935 2611 1091 2658 verba
1117 2608 1321 2672 puellae

191 2714 337 2750 Tibull.
383 2713 443 2749 ed.
465 2713 510 2749 n.
1026 2724 1029 2726 ’
1305 2719 1363 2760 12
