1942 3000
262 169 368 220 348
847 175 1169 213 PROPERTII

262 342 293 376 o
320 328 515 375 utinam
541 329 605 376 ad
631 337 825 377 vestros
853 331 1058 378 sedeam
1084 331 1285 393 captiva
1309 341 1540 395 penates,

333 417 454 464 dum
480 418 680 479 captiva
705 418 806 465 mei
833 420 1102 480 conspicer
1130 434 1221 467 ora
1247 420 1383 469 Tati.

157 510 220 552 35
259 503 483 553 Romani
508 514 707 553 montes
735 513 785 552 et
808 506 1068 553 montibus
1095 506 1268 554 addita
1291 507 1457 556 Roma

332 600 381 641 et
406 593 574 641 valeat
597 594 787 655 probro
813 593 974 641 Vesta
1000 594 1242 656 pudenda
1265 609 1401 644 meo.

255 679 345 728 ille
372 693 552 741 equus,
582 680 670 728 ille
695 694 836 729 meos
862 681 918 729 in
944 689 1113 729 castra
1138 691 1368 744 reportet
1390 699 1616 745 amores),

330 767 409 816 cui
434 767 613 815 Tatius
641 768 843 816 dextras
871 769 1095 817 collocat
1123 770 1234 832 ipse
1260 770 1425 819 iubas.

259 856 381 919 quid
407 856 588 904 mirum
614 857 667 904 in
694 857 885 919 patrios
913 857 1140 918 Scyllam
1166 859 1390 907 saevisse
1418 860 1663 922 capiHOS,

153 952 216 992 4⁰
329 945 649 1006 candidaque
672 944 726 999 in
752 959 931 994 saevos
955 946 1171 1008 inguina
1197 961 1344 996 versa
1371 948 1568 997 canes?

256 1032 461 1096 prodita
485 1033 608 1095 quid
634 1033 821 1081 mirum
845 1034 1059 1081 fraterni
1086 1050 1283 1083 cornua
1308 1037 1545 1096 monstri,

329 1136 445 1170 cum
471 1122 637 1183 patuit
661 1123 797 1170 lecto
823 1124 1042 1171 stamine
1069 1132 1204 1171 torta
1229 1124 1348 1172 via?

256 1217 505 1272 quantum
528 1224 626 1270 ego
653 1224 767 1257 sum
791 1210 1040 1258 Ausoniis
1068 1211 1260 1259 crimen
1285 1213 1487 1260 factura
1512 1215 1730 1276 puelli8‚

324 1298 548 1361 inproba
573 1298 805 1360 virgineo
832 1298 966 1346 lecta
989 1299 1222 1347 ministra
1247 1299 1395 1349 foco!

151 1394 212 1435 45
253 1386 493 1435 Pallados
522 1387 773 1435 extinctos
801 1387 962 1449 siquis
989 1388 1258 1436 mirabitur
1281 1388 1447 1450 ignes,

321 1473 587 1537 ignoscat:
632 1475 857 1523 lacrimis
884 1475 1143 1538 spargitur
1168 1490 1260 1523 ara
1284 1475 1427 1524 meiS.

255 1577 385 1622 cras,
420 1570 474 1610 ut
500 1577 674 1610 rumor
699 1563 785 1622 ait,
818 1570 928 1611 tota
953 1563 1267 1625 pugnabitur
1291 1565 1448 1613 urbe:

323 1659 380 1699 tu
406 1665 525 1699 cave
551 1652 750 1714 spinosi
778 1652 949 1700 rorida
974 1659 1119 1712 terga
1144 1652 1271 1714 iugi.

252 1740 449 1789 lubrica
475 1748 583 1788 tota
607 1740 689 1788 via
716 1749 792 1789 est
818 1748 868 1789 et
892 1741 1114 1803 perfida:
1158 1740 1349 1803 quippe
1372 1748 1604 1791 tacentes

148 1835 209 1875 50
322 1827 494 1875 fallaci
520 1828 652 1876 celat
676 1829 836 1875 limite
861 1842 1063 1889 semper
1087 1843 1270 1890 aquae.

251 1931 282 1964 o
307 1916 504 1963 utinam
529 1915 760 1977 magicae
787 1929 994 1962 nossem
1021 1917 1317 1965 cantamina
1340 1922 1548 1968 musae!

320 2005 447 2052 haec
476 2017 684 2065 quoque
709 2004 938 2051 formoso
965 2004 1146 2066 lingua
1173 2006 1376 2055 tulisset
1401 2022 1570 2070 opem.

249 2101 299 2142 te
326 2101 448 2155 toga
473 2092 612 2156 picta
639 2092 800 2151 decet,
834 2107 942 2140 non
969 2108 1123 2155 quem
1149 2095 1261 2142 sine
1287 2095 1464 2144 matris
1491 2097 1699 2148 honore

319 2181 478 2230 nutrit
502 2181 817 2229 inhumanae
848 2180 973 2228 dura
1000 2182 1198 2244 papilla
1222 2183 1396 2245 lupae.

144 2277 204 2316 55
245 2271 278 2327 †·
298 2269 372 2317 sic
398 2269 583 2330 hospes
612 2269 877 2329 pariamne
902 2276 991 2316 tua
1016 2270 1196 2331 regina
1220 2271 1315 2319 sub
1341 2271 1478 2330 aula,

316 2355 408 2403 dos
436 2355 528 2403 tibi
556 2370 663 2403 non
688 2356 897 2404 humilis
924 2357 1130 2418 prodita
1154 2358 1320 2406 Roma
1345 2360 1503 2408 venit.

243 2439 286 2488 si
311 2441 499 2499 minus,
532 2449 585 2488 at
610 2450 788 2505 raptae
814 2457 880 2490 ne
906 2443 1011 2490 sint
1035 2444 1229 2505 inpune
1257 2445 1511 2495 Sabinae:

313 2541 393 2574 me
422 2542 546 2590 rape
574 2537 623 2576 et
648 2529 847 2576 alterna
870 2530 987 2591 lege
1013 2533 1235 2593 repende
1261 2534 1413 2582 vices,

241 2615 538 2663 commissas
566 2616 702 2663 acies
731 2631 826 2677 ego
855 2631 1068 2678 possum
1094 2620 1320 2669 solvere:
1365 2630 1576 2685 nuptae,
