<?xml version="1.0" encoding="UTF-8"?>
<!DOCTYPE html PUBLIC "-//W3C//DTD XHTML 1.0 Transitional//EN"
    "http://www.w3.org/TR/xhtml1/DTD/xhtml1-transitional.dtd">
<html xmlns="http://www.w3.org/1999/xhtml" xml:lang="en" lang="en">
 <head>
  <title>
</title>
<meta http-equiv="Content-Type" content="text/html;charset=utf-8" />
  <meta name='ocr-system' content='tesseract 3.04.00' />
  <meta name='ocr-capabilities' content='ocr_page ocr_carea ocr_par ocr_line ocrx_word'/>
</head>
<body>
  <div class='ocr_page' id='page_1' title='image "./catullitibullip02vahlgoog_0093.png"; bbox 0 0 1942 3000; ppageno 0'>
   <div class='ocr_carea' id='block_1_1' title="bbox 74 418 145 459">
    <p class='ocr_par' dir='ltr' id='par_1_1' title="bbox 74 418 145 459">
     <span class='ocr_line' id='line_1_1' title="bbox 74 418 145 459; baseline -0.014 0"><span class='ocrx_word' id='word_1_1' title='bbox 74 418 145 459; x_wconf 82' lang='lat'>85</span> 
     </span>
    </p>
   </div>
   <div class='ocr_carea' id='block_1_2' title="bbox 78 858 146 898">
    <p class='ocr_par' dir='ltr' id='par_1_2' title="bbox 78 858 146 898">
     <span class='ocr_line' id='line_1_2' title="bbox 78 858 146 898; baseline -0.015 0"><span class='ocrx_word' id='word_1_2' title='bbox 78 858 146 898; x_wconf 89' lang='grc'>90</span> 
     </span>
    </p>
   </div>
   <div class='ocr_carea' id='block_1_3' title="bbox 93 2536 150 2576">
    <p class='ocr_par' dir='ltr' id='par_1_3' title="bbox 93 2536 150 2576">
     <span class='ocr_line' id='line_1_3' title="bbox 93 2536 150 2576; baseline 0 0"><span class='ocrx_word' id='word_1_3' title='bbox 93 2536 150 2576; x_wconf 82' lang='grc'>10</span> 
     </span>
    </p>
   </div>
   <div class='ocr_carea' id='block_1_4' title="bbox 843 159 1687 210">
    <p class='ocr_par' dir='ltr' id='par_1_4' title="bbox 843 159 1687 210">
     <span class='ocr_line' id='line_1_4' title="bbox 843 159 1687 210; baseline -0.002 -9"><span class='ocrx_word' id='word_1_4' title='bbox 843 162 1039 201; x_wconf 70' lang='lat' dir='ltr'>menn.</span> <span class='ocrx_word' id='word_1_5' title='bbox 1617 159 1687 210; x_wconf 71' lang='lat'>83</span> 
     </span>
    </p>
   </div>
   <div class='ocr_carea' id='block_1_5' title="bbox 190 317 1542 1264">
    <p class='ocr_par' dir='ltr' id='par_1_5' title="bbox 266 317 1262 383">
     <span class='ocr_line' id='line_1_5' title="bbox 266 317 1262 383; baseline -0.002 -15"><span class='ocrx_word' id='word_1_6' title='bbox 266 319 353 368; x_wconf 89' lang='lat' dir='ltr'>sed</span> <span class='ocrx_word' id='word_1_7' title='bbox 381 333 514 383; x_wconf 88' lang='lat' dir='ltr'>quae</span> <span class='ocrx_word' id='word_1_8' title='bbox 540 333 596 368; x_wconf 85' lang='lat' dir='ltr'>se</span> <span class='ocrx_word' id='word_1_9' title='bbox 619 319 807 382; x_wconf 87' lang='lat' dir='ltr'>inpuro</span> <span class='ocrx_word' id='word_1_10' title='bbox 835 318 970 366; x_wconf 81' lang='lat' dir='ltr'>dedit</span> <span class='ocrx_word' id='word_1_11' title='bbox 995 317 1262 377; x_wconf 78' lang='lat' dir='ltr'>adulterio,</span> 
     </span>
    </p>

    <p class='ocr_par' dir='ltr' id='par_1_6' title="bbox 190 406 1538 558">
     <span class='ocr_line' id='line_1_6' title="bbox 190 406 1470 469; baseline -0.001 -13"><span class='ocrx_word' id='word_1_12' title='bbox 190 408 334 456; x_wconf 88' lang='lat' dir='ltr'>illius</span> <span class='ocrx_word' id='word_1_13' title='bbox 361 408 426 456; x_wconf 84' lang='lat' dir='ltr'>ah</span> <span class='ocrx_word' id='word_1_14' title='bbox 452 408 589 455; x_wconf 84' lang='lat' dir='ltr'>mala</span> <span class='ocrx_word' id='word_1_15' title='bbox 613 407 750 454; x_wconf 88' lang='lat' dir='ltr'>dona</span> <span class='ocrx_word' id='word_1_16' title='bbox 776 407 901 455; x_wconf 89' lang='lat' dir='ltr'>levis</span> <span class='ocrx_word' id='word_1_17' title='bbox 930 407 1071 455; x_wconf 87' lang='lat' dir='ltr'>bibat</span> <span class='ocrx_word' id='word_1_18' title='bbox 1097 406 1251 454; x_wconf 82' lang='lat' dir='ltr'>inrita</span> <span class='ocrx_word' id='word_1_19' title='bbox 1274 406 1470 469; x_wconf 84' lang='lat' dir='ltr'>pulvis:</span> 
     </span>
     <span class='ocr_line' id='line_1_7' title="bbox 266 494 1538 558; baseline 0 -15"><span class='ocrx_word' id='word_1_20' title='bbox 266 510 489 557; x_wconf 85' lang='lat' dir='ltr'>namque</span> <span class='ocrx_word' id='word_1_21' title='bbox 513 510 611 558; x_wconf 88' lang='lat' dir='ltr'>ego</span> <span class='ocrx_word' id='word_1_22' title='bbox 637 496 703 543; x_wconf 88' lang='lat' dir='ltr'>ab</span> <span class='ocrx_word' id='word_1_23' title='bbox 728 495 953 557; x_wconf 84' lang='lat' dir='ltr'>indignis</span> <span class='ocrx_word' id='word_1_24' title='bbox 982 494 1205 558; x_wconf 86' lang='lat' dir='ltr'>praemia</span> <span class='ocrx_word' id='word_1_25' title='bbox 1231 495 1378 543; x_wconf 86' lang='lat' dir='ltr'>nulla</span> <span class='ocrx_word' id='word_1_26' title='bbox 1400 502 1538 558; x_wconf 76' lang='lat' dir='ltr'>peto,</span> 
     </span>
    </p>

    <p class='ocr_par' dir='ltr' id='par_1_7' title="bbox 193 583 1542 735">
     <span class='ocr_line' id='line_1_8' title="bbox 193 583 1542 647; baseline 0 -15"><span class='ocrx_word' id='word_1_27' title='bbox 193 584 283 632; x_wconf 89' lang='lat' dir='ltr'>sed</span> <span class='ocrx_word' id='word_1_28' title='bbox 308 584 489 645; x_wconf 80' lang='lat' dir='ltr'>magis,</span> <span class='ocrx_word' id='word_1_29' title='bbox 521 598 551 631; x_wconf 94' lang='lat' dir='ltr'>o</span> <span class='ocrx_word' id='word_1_30' title='bbox 579 592 788 646; x_wconf 79' lang='lat' dir='ltr'>nuptae,</span> <span class='ocrx_word' id='word_1_31' title='bbox 819 598 1022 647; x_wconf 78' lang='lat' dir='ltr'><strong>semper</strong></span> <span class='ocrx_word' id='word_1_32' title='bbox 1047 583 1323 632; x_wconf 85' lang='lat' dir='ltr'>concordia</span> <span class='ocrx_word' id='word_1_33' title='bbox 1347 590 1542 632; x_wconf 82' lang='lat' dir='ltr'>vostras</span> 
     </span>
     <span class='ocr_line' id='line_1_9' title="bbox 263 671 1314 735; baseline 0.001 -16"><span class='ocrx_word' id='word_1_34' title='bbox 263 686 466 735; x_wconf 88' lang='lat' dir='ltr'>semper</span> <span class='ocrx_word' id='word_1_35' title='bbox 489 686 634 720; x_wconf 86' lang='lat' dir='ltr'>amor</span> <span class='ocrx_word' id='word_1_36' title='bbox 659 672 802 719; x_wconf 88' lang='lat' dir='ltr'>sedes</span> <span class='ocrx_word' id='word_1_37' title='bbox 829 672 1026 720; x_wconf 82' lang='lat' dir='ltr'>incolat</span> <span class='ocrx_word' id='word_1_38' title='bbox 1052 671 1314 720; x_wconf 82' lang='lat' dir='ltr'>adsiduus.</span> 
     </span>
    </p>

    <p class='ocr_par' dir='ltr' id='par_1_8' title="bbox 191 759 1356 912">
     <span class='ocr_line' id='line_1_10' title="bbox 191 759 1356 823; baseline 0 -15"><span class='ocrx_word' id='word_1_39' title='bbox 191 770 250 809; x_wconf 85' lang='lat' dir='ltr'>tu</span> <span class='ocrx_word' id='word_1_40' title='bbox 275 775 412 819; x_wconf 83' lang='lat' dir='ltr'>vere,</span> <span class='ocrx_word' id='word_1_41' title='bbox 444 759 640 823; x_wconf 77' lang='lat' dir='ltr'>regina,</span> <span class='ocrx_word' id='word_1_42' title='bbox 674 766 822 808; x_wconf 85' lang='lat' dir='ltr'>tuens</span> <span class='ocrx_word' id='word_1_43' title='bbox 850 775 966 808; x_wconf 87' lang='lat' dir='ltr'>cum</span> <span class='ocrx_word' id='word_1_44' title='bbox 993 760 1160 808; x_wconf 77' lang='lat' dir='ltr'>sidera</span> <span class='ocrx_word' id='word_1_45' title='bbox 1189 760 1356 808; x_wconf 75' lang='lat' dir='ltr'>divam</span> 
     </span>
     <span class='ocr_line' id='line_1_11' title="bbox 265 848 1266 912; baseline 0 -16"><span class='ocrx_word' id='word_1_46' title='bbox 265 848 492 912; x_wconf 81' lang='lat' dir='ltr'>placabis</span> <span class='ocrx_word' id='word_1_47' title='bbox 519 848 663 896; x_wconf 88' lang='lat' dir='ltr'>festis</span> <span class='ocrx_word' id='word_1_48' title='bbox 689 848 967 896; x_wconf 86' lang='lat' dir='ltr'>luminibus</span> <span class='ocrx_word' id='word_1_49' title='bbox 995 848 1266 907; x_wconf 80' lang='lat' dir='ltr'>Venerem,</span> 
     </span>
    </p>

    <p class='ocr_par' dir='ltr' id='par_1_9' title="bbox 192 936 1430 1087">
     <span class='ocr_line' id='line_1_12' title="bbox 192 936 1430 1000; baseline -0.001 -15"><span class='ocrx_word' id='word_1_50' title='bbox 192 936 438 1000; x_wconf 85' lang='lat' dir='ltr'>unguinis</span> <span class='ocrx_word' id='word_1_51' title='bbox 466 944 727 999; x_wconf 83' lang='lat' dir='ltr'>expertem</span> <span class='ocrx_word' id='word_1_52' title='bbox 753 951 859 986; x_wconf 91' lang='lat' dir='ltr'>non</span> <span class='ocrx_word' id='word_1_53' title='bbox 885 937 1000 984; x_wconf 86' lang='lat' dir='ltr'>siris</span> <span class='ocrx_word' id='word_1_54' title='bbox 1029 950 1141 985; x_wconf 86' lang='lat' dir='ltr'>esse</span> <span class='ocrx_word' id='word_1_55' title='bbox 1167 945 1308 984; x_wconf 81' lang='lat' dir='ltr'>tuam</span> <span class='ocrx_word' id='word_1_56' title='bbox 1332 951 1430 995; x_wconf 88' lang='lat' dir='ltr'>me,</span> 
     </span>
     <span class='ocr_line' id='line_1_13' title="bbox 267 1024 1259 1087; baseline 0.001 -15"><span class='ocrx_word' id='word_1_57' title='bbox 267 1024 354 1072; x_wconf 86' lang='lat' dir='ltr'>sed</span> <span class='ocrx_word' id='word_1_58' title='bbox 380 1025 549 1087; x_wconf 83' lang='lat' dir='ltr'>potius</span> <span class='ocrx_word' id='word_1_59' title='bbox 575 1025 730 1087; x_wconf 86' lang='lat' dir='ltr'>largis</span> <span class='ocrx_word' id='word_1_60' title='bbox 758 1024 918 1073; x_wconf 85' lang='lat' dir='ltr'>adfice</span> <span class='ocrx_word' id='word_1_61' title='bbox 942 1025 1259 1074; x_wconf 84' lang='lat' dir='ltr'>muneribus.</span> 
     </span>
    </p>

    <p class='ocr_par' dir='ltr' id='par_1_10' title="bbox 191 1113 1452 1264">
     <span class='ocr_line' id='line_1_14' title="bbox 191 1113 1452 1176; baseline 0 -15"><span class='ocrx_word' id='word_1_62' title='bbox 191 1113 363 1161; x_wconf 84' lang='lat' dir='ltr'>sidera</span> <span class='ocrx_word' id='word_1_63' title='bbox 390 1113 670 1162; x_wconf 86' lang='lat' dir='ltr'>corruerint</span> <span class='ocrx_word' id='word_1_64' title='bbox 695 1114 921 1162; x_wconf 81' lang='lat' dir='ltr'>utinam!</span> <span class='ocrx_word' id='word_1_65' title='bbox 965 1128 1112 1163; x_wconf 87' lang='lat' dir='ltr'>coma</span> <span class='ocrx_word' id='word_1_66' title='bbox 1139 1114 1280 1176; x_wconf 88' lang='lat' dir='ltr'>regia</span> <span class='ocrx_word' id='word_1_67' title='bbox 1308 1114 1452 1162; x_wconf 82' lang='lat' dir='ltr'>fiam:</span> 
     </span>
     <span class='ocr_line' id='line_1_15' title="bbox 265 1200 1320 1264; baseline 0.002 -16"><span class='ocrx_word' id='word_1_68' title='bbox 265 1201 525 1264; x_wconf 88' lang='lat' dir='ltr'>proximus</span> <span class='ocrx_word' id='word_1_69' title='bbox 552 1202 831 1263; x_wconf 85' lang='lat' dir='ltr'>hydrochoi</span> <span class='ocrx_word' id='word_1_70' title='bbox 858 1202 1081 1264; x_wconf 82' lang='lat' dir='ltr'>fulgeret</span> <span class='ocrx_word' id='word_1_71' title='bbox 1107 1200 1320 1250; x_wconf 79' lang='lat' dir='ltr'>Oarion.</span> 
     </span>
    </p>
   </div>
   <div class='ocr_carea' id='block_1_6' title="bbox 827 1573 1044 1622">
    <p class='ocr_par' dir='ltr' id='par_1_11' title="bbox 827 1573 1044 1622">
     <span class='ocr_line' id='line_1_16' title="bbox 827 1573 1044 1622; baseline 0 -1"><span class='ocrx_word' id='word_1_72' title='bbox 827 1573 1044 1622; x_wconf 85' lang='lat' dir='ltr'><strong>LXVII.</strong></span> 
     </span>
    </p>
   </div>
   <div class='ocr_carea' id='block_1_7' title="bbox 188 1732 1677 2680">
    <p class='ocr_par' dir='ltr' id='par_1_12' title="bbox 188 1732 1677 2680">
     <span class='ocr_line' id='line_1_17' title="bbox 193 1732 1306 1795; baseline -0.003 -12"><span class='ocrx_word' id='word_1_73' title='bbox 193 1732 240 1783; x_wconf 90' lang='lat' dir='ltr'>O</span> <span class='ocrx_word' id='word_1_74' title='bbox 268 1733 404 1782; x_wconf 89' lang='lat' dir='ltr'>dulci</span> <span class='ocrx_word' id='word_1_75' title='bbox 430 1733 655 1781; x_wconf 88' lang='lat' dir='ltr'>iucunda</span> <span class='ocrx_word' id='word_1_76' title='bbox 679 1733 805 1792; x_wconf 82' lang='lat' dir='ltr'>vire,</span> <span class='ocrx_word' id='word_1_77' title='bbox 836 1732 1061 1781; x_wconf 86' lang='lat' dir='ltr'>iucunda</span> <span class='ocrx_word' id='word_1_78' title='bbox 1086 1732 1306 1795; x_wconf 84' lang='lat' dir='ltr'>parenti,</span> 
     </span>
     <span class='ocr_line' id='line_1_18' title="bbox 265 1821 1361 1884; baseline 0.001 -15"><span class='ocrx_word' id='word_1_79' title='bbox 265 1822 421 1882; x_wconf 81' lang='lat' dir='ltr'>salve,</span> <span class='ocrx_word' id='word_1_80' title='bbox 452 1830 605 1884; x_wconf 86' lang='lat' dir='ltr'>teque</span> <span class='ocrx_word' id='word_1_81' title='bbox 631 1822 770 1870; x_wconf 85' lang='lat' dir='ltr'>bona</span> <span class='ocrx_word' id='word_1_82' title='bbox 791 1821 1025 1883; x_wconf 87' lang='lat' dir='ltr'>Iuppiter</span> <span class='ocrx_word' id='word_1_83' title='bbox 1050 1829 1222 1870; x_wconf 78' lang='lat' dir='ltr'>auctet</span> <span class='ocrx_word' id='word_1_84' title='bbox 1247 1834 1361 1883; x_wconf 89' lang='lat' dir='ltr'>ope,</span> 
     </span>
     <span class='ocr_line' id='line_1_19' title="bbox 190 1909 1435 1973; baseline -0.001 -15"><span class='ocrx_word' id='word_1_85' title='bbox 190 1909 365 1968; x_wconf 87' lang='lat' dir='ltr'>ianua,</span> <span class='ocrx_word' id='word_1_86' title='bbox 397 1924 552 1973; x_wconf 86' lang='lat' dir='ltr'>quam</span> <span class='ocrx_word' id='word_1_87' title='bbox 574 1910 740 1958; x_wconf 84' lang='lat' dir='ltr'>Balbo</span> <span class='ocrx_word' id='word_1_88' title='bbox 769 1909 944 1958; x_wconf 87' lang='lat' dir='ltr'>dicunt</span> <span class='ocrx_word' id='word_1_89' title='bbox 969 1910 1185 1958; x_wconf 83' lang='lat' dir='ltr'>servisse</span> <span class='ocrx_word' id='word_1_90' title='bbox 1211 1909 1435 1972; x_wconf 80' lang='lat' dir='ltr'>benigne</span> 
     </span>
     <span class='ocr_line' id='line_1_20' title="bbox 264 1998 1256 2061; baseline -0.001 -15"><span class='ocrx_word' id='word_1_91' title='bbox 264 1999 407 2058; x_wconf 88' lang='lat' dir='ltr'>olim,</span> <span class='ocrx_word' id='word_1_92' title='bbox 439 2014 556 2047; x_wconf 87' lang='lat' dir='ltr'>cum</span> <span class='ocrx_word' id='word_1_93' title='bbox 581 1998 725 2048; x_wconf 86' lang='lat' dir='ltr'>sedes</span> <span class='ocrx_word' id='word_1_94' title='bbox 752 1998 864 2061; x_wconf 89' lang='lat' dir='ltr'>ipse</span> <span class='ocrx_word' id='word_1_95' title='bbox 889 2011 1049 2045; x_wconf 83' lang='lat' dir='ltr'>senex</span> <span class='ocrx_word' id='word_1_96' title='bbox 1076 1998 1256 2055; x_wconf 84' lang='lat' dir='ltr'>tenuit,</span> 
     </span>
     <span class='ocr_line' id='line_1_21' title="bbox 192 2084 1502 2149; baseline -0.002 -14"><span class='ocrx_word' id='word_1_97' title='bbox 192 2101 451 2149; x_wconf 88' lang='lat' dir='ltr'>quamque</span> <span class='ocrx_word' id='word_1_98' title='bbox 476 2087 647 2135; x_wconf 88' lang='lat' dir='ltr'>ferunt</span> <span class='ocrx_word' id='word_1_99' title='bbox 671 2101 845 2134; x_wconf 87' lang='lat' dir='ltr'>rursus</span> <span class='ocrx_word' id='word_1_100' title='bbox 873 2094 992 2133; x_wconf 82' lang='lat' dir='ltr'>voto</span> <span class='ocrx_word' id='word_1_101' title='bbox 1019 2085 1231 2134; x_wconf 87' lang='lat' dir='ltr'>servisse</span> <span class='ocrx_word' id='word_1_102' title='bbox 1256 2084 1502 2147; x_wconf 83' lang='lat' dir='ltr'>maligne,</span> 
     </span>
     <span class='ocr_line' id='line_1_22' title="bbox 264 2174 1422 2238; baseline -0.002 -15"><span class='ocrx_word' id='word_1_103' title='bbox 264 2185 539 2238; x_wconf 82' lang='lat' dir='ltr'>postquam</span> <span class='ocrx_word' id='word_1_104' title='bbox 564 2189 617 2222; x_wconf 89' lang='lat' dir='ltr'>es</span> <span class='ocrx_word' id='word_1_105' title='bbox 644 2182 880 2238; x_wconf 88' lang='lat' dir='ltr'>porrecto</span> <span class='ocrx_word' id='word_1_106' title='bbox 908 2174 1046 2222; x_wconf 85' lang='lat' dir='ltr'>facta</span> <span class='ocrx_word' id='word_1_107' title='bbox 1074 2174 1258 2222; x_wconf 83' lang='lat' dir='ltr'>marita</span> <span class='ocrx_word' id='word_1_108' title='bbox 1281 2188 1422 2232; x_wconf 90' lang='lat' dir='ltr'>sene,</span> 
     </span>
     <span class='ocr_line' id='line_1_23' title="bbox 192 2262 1321 2327; baseline -0.001 -16"><span class='ocrx_word' id='word_1_109' title='bbox 192 2263 273 2312; x_wconf 89' lang='lat' dir='ltr'>dic</span> <span class='ocrx_word' id='word_1_110' title='bbox 297 2265 516 2327; x_wconf 83' lang='lat' dir='ltr'>agedum</span> <span class='ocrx_word' id='word_1_111' title='bbox 539 2264 707 2322; x_wconf 88' lang='lat' dir='ltr'>nobis,</span> <span class='ocrx_word' id='word_1_112' title='bbox 738 2277 897 2325; x_wconf 88' lang='lat' dir='ltr'>quare</span> <span class='ocrx_word' id='word_1_113' title='bbox 924 2270 1119 2311; x_wconf 81' lang='lat' dir='ltr'>mutata</span> <span class='ocrx_word' id='word_1_114' title='bbox 1145 2262 1321 2310; x_wconf 81' lang='lat' dir='ltr'>feraris</span> 
     </span>
     <span class='ocr_line' id='line_1_24' title="bbox 263 2349 1361 2401; baseline -0.001 -2"><span class='ocrx_word' id='word_1_115' title='bbox 263 2352 317 2400; x_wconf 89' lang='lat' dir='ltr'>in</span> <span class='ocrx_word' id='word_1_116' title='bbox 344 2352 608 2401; x_wconf 86' lang='lat' dir='ltr'>dominum</span> <span class='ocrx_word' id='word_1_117' title='bbox 633 2360 853 2400; x_wconf 88' lang='lat' dir='ltr'>veterem</span> <span class='ocrx_word' id='word_1_118' title='bbox 879 2351 1162 2399; x_wconf 84' lang='lat' dir='ltr'>deseruisse</span> <span class='ocrx_word' id='word_1_119' title='bbox 1195 2349 1361 2398; x_wconf 86' lang='lat' dir='ltr'>fidem.</span> 
     </span>
     <span class='ocr_line' id='line_1_25' title="bbox 188 2437 1627 2503; baseline -0.001 -15"><span class='ocrx_word' id='word_1_120' title='bbox 188 2440 316 2488; x_wconf 84' lang='lat' dir='ltr'>‘non</span> <span class='ocrx_word' id='word_1_121' title='bbox 345 2440 441 2502; x_wconf 84' lang='lat' dir='ltr'>(ita</span> <span class='ocrx_word' id='word_1_122' title='bbox 468 2439 696 2488; x_wconf 87' lang='lat' dir='ltr'>Caecilio</span> <span class='ocrx_word' id='word_1_123' title='bbox 724 2440 972 2503; x_wconf 84' lang='lat' dir='ltr'>placeam,</span> <span class='ocrx_word' id='word_1_124' title='bbox 1007 2439 1088 2487; x_wconf 86' lang='lat' dir='ltr'>cui</span> <span class='ocrx_word' id='word_1_125' title='bbox 1117 2439 1301 2486; x_wconf 85' lang='lat' dir='ltr'>tradita</span> <span class='ocrx_word' id='word_1_126' title='bbox 1326 2454 1464 2487; x_wconf 90' lang='lat' dir='ltr'>nunc</span> <span class='ocrx_word' id='word_1_127' title='bbox 1490 2437 1627 2501; x_wconf 86' lang='lat' dir='ltr'>sum)</span> 
     </span>
     <span class='ocr_line' id='line_1_26' title="bbox 266 2526 1522 2591; baseline -0.002 -14"><span class='ocrx_word' id='word_1_128' title='bbox 266 2529 417 2591; x_wconf 87' lang='lat' dir='ltr'>culpa</span> <span class='ocrx_word' id='word_1_129' title='bbox 443 2543 558 2577; x_wconf 88' lang='lat' dir='ltr'>mea</span> <span class='ocrx_word' id='word_1_130' title='bbox 585 2537 678 2588; x_wconf 86' lang='lat' dir='ltr'>est,</span> <span class='ocrx_word' id='word_1_131' title='bbox 710 2542 1022 2590; x_wconf 80' lang='lat' dir='ltr'>quamquam</span> <span class='ocrx_word' id='word_1_132' title='bbox 1048 2526 1232 2575; x_wconf 83' lang='lat' dir='ltr'>dicitur</span> <span class='ocrx_word' id='word_1_133' title='bbox 1258 2541 1368 2575; x_wconf 89' lang='lat' dir='ltr'>esse</span> <span class='ocrx_word' id='word_1_134' title='bbox 1391 2542 1522 2586; x_wconf 89' lang='lat' dir='ltr'>mea,</span> 
     </span>
     <span class='ocr_line' id='line_1_27' title="bbox 192 2615 1677 2680; baseline -0.003 -15"><span class='ocrx_word' id='word_1_135' title='bbox 192 2630 289 2665; x_wconf 88' lang='lat' dir='ltr'>nec</span> <span class='ocrx_word' id='word_1_136' title='bbox 310 2625 577 2680; x_wconf 81' lang='lat' dir='ltr'>peccatum</span> <span class='ocrx_word' id='word_1_137' title='bbox 601 2632 632 2664; x_wconf 87' lang='lat' dir='ltr'>a</span> <span class='ocrx_word' id='word_1_138' title='bbox 653 2631 734 2664; x_wconf 89' lang='lat' dir='ltr'>me</span> <span class='ocrx_word' id='word_1_139' title='bbox 760 2616 1031 2678; x_wconf 87' lang='lat' dir='ltr'>quisquam</span> <span class='ocrx_word' id='word_1_140' title='bbox 1057 2625 1179 2677; x_wconf 87' lang='lat' dir='ltr'>pote</span> <span class='ocrx_word' id='word_1_141' title='bbox 1193 2615 1361 2663; x_wconf 84' lang='lat' dir='ltr'>dicere</span> <span class='ocrx_word' id='word_1_142' title='bbox 1374 2615 1677 2678; x_wconf 76' lang='lat' dir='ltr'>quicquam:</span> 
     </span>
    </p>
   </div>
   <div class='ocr_carea' id='block_1_8' title="bbox 1309 2722 1366 2766">
    <p class='ocr_par' dir='ltr' id='par_1_13' title="bbox 1309 2722 1366 2766">
     <span class='ocr_line' id='line_1_28' title="bbox 1309 2722 1366 2766; baseline 0 -27"><span class='ocrx_word' id='word_1_143' title='bbox 1309 2722 1366 2766; x_wconf 69' lang='grc'>6.</span> 
     </span>
    </p>
   </div>
  </div>
 </body>
</html>
