1942 3000
297 159 404 210 324
885 160 1211 199 ΡΒΟΡΕΒΤῙῙ

298 321 428 369 haee
454 333 550 381 ego
578 332 684 366 non
710 316 889 365 humili
913 317 1134 365 referam
1158 315 1488 365 memoranda
1515 317 1796 377 cothurnO,

193 419 257 459 4ο
371 408 535 472 qualis
562 406 836 455 Pindarico
862 405 1070 468 spiritus
1098 420 1188 454 ore
1214 413 1377 453 tonat.

300 504 357 545 tu
381 496 536 544 modo
563 495 767 543 servitio
792 508 1013 541 vacuum
1037 506 1119 540 me
1142 493 1265 542 siste
1288 494 1527 556 superbo,

373 591 528 645 atque
553 582 653 630 hoc
677 582 955 631 sollicitum
983 582 1130 630 vinee
1154 595 1342 644 sopore
1366 589 1537 644 caput.

887 768 1208 777 .——-———.

946 951 1141 1001 xvm.

301 1113 520 1163 CIausus
546 1113 611 1160 ab
641 1111 883 1160 umbroso
910 1126 1013 1174 qua
1039 1112 1169 1159 ludit
1191 1119 1381 1174 pontus
1406 1112 1637 1170 AvernO,

372 1201 567 1248 fumida
589 1199 835 1248 Baiarum
859 1208 1045 1263 stagna
1067 1200 1286 1263 tepentis
1318 1213 1503 1262 aquae,

303 1305 407 1352 qua
429 1290 564 1337 iacet
588 1296 638 1336 et
661 1288 848 1338 Troiae
873 1289 1080 1338 tubicen
1104 1289 1337 1337 Misenus
1362 1302 1538 1347 arena,

375 1385 425 1426 et
448 1385 601 1426 sonat
625 1377 881 1425 Herculeo
907 1385 1100 1426 structa
1123 1377 1303 1425 labore
1327 1376 1425 1435 via,

237 1476 262 1517 5
304 1466 402 1526 hie,
434 1466 542 1526 ubi,
572 1466 799 1515 mortalis
826 1466 1006 1515 dextra
1032 1480 1148 1515 cum
1174 1473 1442 1529 quaereret
1466 1465 1637 1523 urbeS,

375 1556 607 1616 cymbala
631 1555 879 1603 Thebano
906 1569 1252 1618 concrepuere
1283 1556 1400 1615 deo,

305 1643 382 1705 (at
406 1658 563 1702 nunc,
593 1643 791 1692 invisae
815 1658 1006 1707 magno
1034 1659 1151 1692 eum
1175 1643 1388 1692 erimine
1412 1643 1590 1702 Baiae,

374 1731 489 1793 quis
515 1732 639 1779 deus
665 1733 718 1779 in
749 1740 913 1781 vestra
939 1732 1169 1780 constitit
1193 1731 1354 1780 hostis
1382 1747 1516 1795 aqua
1530 1731 1598 1794 Ρ),

302 1818 381 1866 his
407 1833 614 1881 pressus
639 1820 838 1882 Stygias
864 1821 1064 1868 vultum
1090 1820 1292 1868 demisit
1315 1821 1369 1868 in
1398 1820 1577 1877 undaS‚

201 1914 261 1954 10
374 1913 508 1954 errat
532 1914 583 1954 et
605 1906 661 1955 in
686 1915 855 1955 vestro
881 1908 1090 1970 spiritus
1115 1909 1205 1956 ille
1230 1909 1364 1956 lacu.

303 1993 427 2056 quid
452 2008 612 2057 genus
641 2003 730 2042 aut
756 1996 911 2044 virtus
940 2005 1031 2043 aut
1056 1997 1249 2059 optima
1274 1995 1471 2059 profuit
1494 1995 1573 2043 illi

373 2088 554 2141 mater,
589 2090 639 2130 et
662 2084 956 2145 amplexum
981 2083 1214 2133 Caesaris
1243 2099 1353 2133 esse
1380 2084 1544 2143 focos,

305 2177 394 2217 aut
417 2169 571 2218 modo
598 2178 703 2219 tam
728 2173 883 2235 pleno
910 2173 1165 2221 fluitantia
1190 2173 1302 2221 vela
1325 2172 1540 2230 theatro,

376 2264 427 2305 et
452 2272 544 2320 per
568 2266 825 2308 maternas
854 2260 1029 2308 omnia
1053 2268 1198 2323 gesta
1222 2261 1440 2309 manus?

202 2350 223 2390 1
239 2350 263 2389 5
305 2344 509 2403 occidit,
546 2352 596 2392 et
620 2346 808 2394 misero
834 2355 1043 2395 steterat
1066 2349 1339 2410 vigesimus
1367 2363 1565 2397 annus:

375 2438 453 2479 tot
478 2432 615 2479 bona
640 2440 743 2479 tam
770 2448 928 2494 parvo
956 2436 1142 2485 clausit
1167 2438 1221 2484 in
1248 2439 1372 2486 orbe
1397 2437 1522 2485 dies.

301 2517 320 2564 i
345 2532 501 2576 nunc,
532 2519 657 2566 tolle
682 2520 881 2568 animos
909 2528 959 2569 et
984 2529 1155 2570 tecum
1181 2526 1318 2587 finge
1343 2526 1650 2588 triumph08‚

372 2604 663 2667 stantiaque
686 2607 742 2657 in.
767 2608 1006 2669 plausum
1032 2616 1139 2657 tota
1166 2611 1361 2660 theatra¹
1386 2613 1577 2673 iuvent,
