1942 3000
168 319 231 359 20

168 759 231 800 25

169 1200 230 1241 30

170 2511 230 2552 10

272 152 379 202 328
856 152 1173 192 ntorum-11

343 311 515 359 dulcia
541 326 697 374 quam
719 310 866 360 nobis
894 310 1120 358 concitet
1141 323 1285 356 arma
1307 307 1513 356 Venus!

271 414 513 462 namque,
546 399 634 447 ubi
659 413 767 447 non
793 407 934 447 certo
961 396 1181 445 vincitur
1204 395 1409 459 foedere
1432 396 1601 444 lectus

344 503 452 537 non
477 489 633 537 habet
660 488 850 535 ultores
877 502 985 534 nox
1007 484 1271 548 vigilanda
1295 484 1436 543 deOS,

273 585 324 625 et
348 577 536 639 quibus
564 576 813 638 inposuit,
842 575 996 622 solvit
1020 588 1143 621 mox
1167 573 1339 621 vincla
1362 571 1524 620 libido
1542 589 1557 619 ι

343 665 645 713 contineant
669 663 819 712 nobis
846 663 1021 711 omina
1045 662 1212 724 prima
1237 661 1404 709 fidem.

274 767 415 815 erge,
453 753 543 815 qui
568 759 743 814 pactas
769 751 825 798 in
851 750 1061 798 foedera
1086 749 1281 813 ruperit
1303 763 1437 808 arae„

343 840 689 902 pollueritque
714 854 849 888 novo
876 854 1025 887 saera
1046 838 1232 886 marita
1256 844 1390 896 toro,

270 929 344 976 illi
374 928 478 976 sint
503 929 813 990 quicumque
839 928 1010 976 solent
1032 927 1087 974 in
1111 940 1287 974 amore
1321 924 1548 983 dolores,

345 1024 396 1064 et
420 1025 577 1079 eaput
600 1023 814 1078 argutae
837 997 1083 1078 praebeat
1105 1014 1366 1072 historiae,

270 1118 368 1153 nee
392 1104 536 1153 flenti
560 1105 797 1152 dominae
822 1104 1068 1166 patefiant
1091 1110 1247 1151 noete
1270 1102 1546 1158 fenestrae,

343 1207 543 1256 semper
566 1200 722 1252 amet,
750 1192 919 1241 fructu
944 1205 1149 1254 semper
1170 1190 1361 1238 amoris
1386 1202 1565 1251 egens,

941 1560 1087 1609 XXI.

269 1722 520 1783 Magnum
540 1722 639 1770 iter
663 1722 727 1769 ad
753 1720 931 1770 doctas
957 1720 1215 1783 proficisci
1252 1733 1412 1781 cogor
1434 1717 1694 1777 Athenas,

340 1817 399 1856 ut
423 1823 504 1856 me
529 1810 688 1871 longa
714 1809 855 1871 gravi
881 1810 1049 1857 solvat
1072 1821 1247 1855 amore
1271 1807 1369 1854 via.
1530 1872 1537 1879 Ι

271 1897 455 1946 crescit
479 1897 617 1944 enim
641 1897 854 1947 adsidue
878 1897 1159 1959 spectando
1186 1911 1309 1944 eura
1334 1895 1569 1959 puellae:

342 1984 454 2046 ipse
478 1984 722 2033 alimenta
746 1986 845 2033 sibi
870 1987 1096 2033 maxima
1120 1987 1331 2048 praebet
1357 1998 1519 2032 amor.

271 2073 446 2119 omnia
470 2080 591 2121 sunt
616 2080 861 2135 temptata
885 2074 1029 2132 mihi,
1061 2087 1384 2135 quacumque
1418 2072 1590 2135 fugari

341 2160 534 2221 possit:
578 2169 631 2208 at
656 2174 720 2208 ex
746 2162 885 2208 omni
912 2176 996 2210 me
1019 2162 1204 2233 premit
1227 2162 1325 2209 iste
1351 2160 1495 2209 deUS.

270 2246 357 2294 vix
384 2253 556 2294 tamen
582 2254 671 2294 aut
695 2249 852 2295 semel
879 2249 1116 2308 admittit,
1151 2264 1268 2297 cum
1291 2263 1448 2312 saepe
1473 2248 1722 2310 negavit:

345 2346 437 2381 seu
461 2333 614 2391 venit,
649 2341 875 2381 extremo
903 2336 1092 2383 dormit
1116 2337 1304 2385 amicta
1330 2344 1462 2385 toro.

270 2433 432 2465 unum
458 2418 552 2466 erit
576 2420 854 2468 auxilium:
898 2424 1106 2471 mutatis
1133 2423 1355 2486 Cynthia
1379 2425 1528 2473 terris

303 2548 320 2567 ,
344 2512 593 2567 quantum
618 2506 803 2566 oculis,
834 2508 1006 2556 animo
1035 2517 1141 2558 tam
1167 2514 1350 2573 procul
1375 2512 1473 2562 ibit
1498 2528 1665 2562 amor.

271 2605 410 2641 nunc
434 2591 591 2653 agite,
624 2606 655 2639 0
682 2593 830 2652 socii,
864 2597 1138 2657 propellite
1163 2599 1219 2646 in
1245 2614 1475 2662 aequora
1499 2615 1714 2663 navem,
