1942 3000
197 104 300 153 120
827 108 1070 147 TIBULLI

195 278 315 311 nam
341 264 495 312 fuerit
521 263 832 326 quicumque
857 264 1071 327 loquaX‚
1112 264 1155 313 is
1182 266 1435 328 sanguine
1459 274 1651 327 natam,

89 361 153 402 40
265 352 307 401 is
333 353 589 400 Venerem
615 367 644 401 e
668 352 847 415 rapido
875 354 1061 402 sentiet
1086 368 1197 402 esse
1222 354 1367 403 mari.
1592 339 1597 344 ¹

195 456 292 489 nec
319 449 490 489 tamen
515 442 635 489 huic
661 442 832 490 credet
859 442 1091 490 coniunx
1117 449 1252 503 tuuS,
1285 451 1343 492 ut
1365 443 1489 492 mihi
1514 459 1672 493 verax

266 530 498 593 pollicita
525 539 602 579 est
625 531 826 593 magico
852 546 979 593 saga
1005 532 1305 580 ministeriO.

192 620 324 668 hanc
352 634 448 682 ego
475 620 537 667 de
564 620 708 668 caelo
735 620 1005 668 ducentem
1031 620 1199 668 sidera
1223 620 1340 681 vidi,

262 708 483 757 fluminis
511 709 638 757 haec
661 709 823 772 rapidi
854 710 1079 758 carmine
1104 710 1253 758 vertit
1274 710 1387 770 iter,

86 805 148 845 45
189 797 316 845 haec
343 805 498 846 cantu
525 779 772 861 finditque
799 800 968 848 solum
993 813 1277 862 manesque
1301 800 1552 862 sepulcris

261 886 399 935 elicit
423 895 474 936 et
498 888 670 950 tepido
697 888 909 937 devocat
934 903 1054 936 ossa
1079 902 1236 950 rogo:

189 974 294 1023 iam
318 982 459 1024 tenet
480 976 709 1024 infernas
736 977 939 1038 magico
967 976 1183 1025 stridore
1210 985 1456 1037 catervas,

259 1063 362 1111 iam
388 1064 531 1113 iubet
555 1065 826 1127 adspersas
854 1066 988 1113 lacte
1013 1065 1207 1113 referre
1232 1066 1431 1128 pedem.

193 1168 309 1203 cum
334 1154 476 1215 libet,
508 1155 635 1203 haec
660 1154 791 1203 tristi
818 1154 1032 1218 depellit
1057 1155 1236 1203 nubila
1262 1155 1428 1214 caele,

89 1249 149 1289 50
262 1256 378 1290 cum
403 1243 546 1302 libet,
578 1242 770 1291 aestivo
799 1251 1049 1291 convocat
1074 1244 1199 1292 orbe
1223 1243 1384 1291 nives,

189 1330 304 1378 sola
328 1338 504 1380 tenere
528 1331 691 1378 malas
719 1331 933 1379 Medeae
958 1331 1143 1379 dicitur
1168 1332 1370 1391 herba8‚

260 1420 374 1467 sola
397 1419 534 1468 feros
561 1420 787 1467 Hecatae
812 1419 1164 1482 perdomuisse
1190 1433 1361 1468 canes.

188 1508 316 1556 haec
340 1509 464 1556 mihi
491 1508 768 1571 conposuit
794 1516 974 1557 cantus
1004 1509 1119 1571 quis
1146 1509 1326 1557 fallere
1351 1523 1559 1572 posses:

260 1606 336 1646 ter
362 1611 507 1658 cane,
538 1605 617 1646 ter
640 1598 785 1646 dictis
814 1599 1008 1661 despue
1034 1599 1363 1646 carminibus,

84 1694 145 1734 55
187 1686 276 1735 ille
301 1686 429 1734 nihil
457 1686 644 1749 poterit
667 1687 729 1735 ‹lc
757 1687 906 1735 nobis
934 1687 1140 1735 credere
1167 1687 1420 1749 cuiquam,

258 1790 364 1823 non
389 1774 505 1833 sibi,
537 1775 580 1822 si
605 1775 659 1822 in
684 1775 829 1822 molli
856 1774 1035 1822 viderit
1058 1774 1169 1836 ipse
1196 1783 1326 1822 toro.

185 1870 242 1910 tu
266 1870 437 1911 tamen
464 1863 725 1910 abstineas
752 1862 899 1910 aliis:
943 1877 1065 1910 nam
1092 1870 1261 1910 cetera
1286 1869 1461 1910 cernet

258 1952 459 2000 omnia:
504 1951 566 1999 de
593 1966 674 1999 mc
700 1966 804 1999 uno
832 1951 1021 1999 sentiet
1045 1951 1133 1998 ille
1160 1951 1303 1998 nihil.

187 2039 309 2102 quid
336 2039 575 2087 credam?
614 2054 798 2102 nempe
824 2040 950 2088 haec
978 2039 1154 2087 eadem
1180 2053 1234 2087 se
1260 2038 1390 2086 dixit
1413 2051 1615 2086 amores

82 2135 142 2176 60
257 2128 490 2176 cantibus
519 2135 607 2176 aut
634 2127 801 2177 herbis
829 2128 1029 2176 solvere
1054 2141 1207 2191 posse
1233 2141 1394 2186 meos,

185 2222 235 2264 et
259 2231 342 2264 me
365 2216 600 2264 lustravit
624 2216 802 2275 taedis,
836 2224 885 2264 et
911 2224 1062 2264 nocte
1089 2230 1271 2265 serena

258 2294 570 2353 concidit'ad
596 2305 822 2367 magicos
850 2305 1017 2353 hostia
1041 2305 1185 2367 pulla
1211 2305 1349 2353 deos.

182 2408 289 2442 non
317 2408 412 2456 ego
440 2401 577 2442 totus
603 2394 803 2443 abesset
827 2408 991 2454 amor,
1023 2394 1111 2442 sed
1138 2401 1345 2442 mutuus
1373 2403 1522 2456 esset,

255 2483 481 2543 orabam,
513 2497 609 2531 nec
635 2490 686 2531 te
710 2497 864 2546 posse
891 2497 1065 2532 carere
1089 2484 1259 2533 velim.

78 2578 141 2619 65
182 2570 378 2620 ferreus
403 2572 493 2621 ille
518 2573 631 2633 fuit,
666 2573 754 2636 qui
780 2579 830 2621 te
857 2588 973 2621 cum
999 2582 1176 2636 posset
1199 2573 1408 2634 habere,
