1942 3000
243 150 347 199 190
867 152 1110 191 ‘mentm

311 316 528 371 votaque
554 322 647 370 pro
674 308 883 356 domina
906 308 993 355 vix
1019 309 1335 356 numeranda
1358 309 1498 357 facit.

237 397 491 446 interdum
515 404 679 455 vovet,
711 397 986 456 interdum,
1020 397 1159 459 quod
1185 397 1431 460 langueat
1453 398 1565 457 illa,

311 486 434 534 dicit
456 485 511 532 in
536 493 774 534 aeternos
800 499 982 548 aspera
1007 486 1162 533 verba
1187 485 1329 534 deos,

140 582 199 623 15
241 588 377 637 pone
401 581 610 633 metum,
643 572 914 622 Cerinthe:
959 574 1083 621 deus
1109 588 1217 622 non
1243 574 1398 622 laedit
1422 583 1673 625 amantes.

310 670 364 710 tu
389 663 543 711 modo
569 676 771 725 semper
796 677 937 710 ama:
983 662 1124 710 salva
1149 662 1323 724 puella
1348 663 1505 711 tibist.

239 752 312 800 nil
339 766 469 814 opus
496 758 573 800 est
597 752 746 800 fletu:
788 750 1011 799 lacrimis
1040 751 1133 798 erit
1156 751 1324 813 aptius
1351 752 1444 811 uti,

310 840 354 887 si
381 839 587 902 quando
614 839 769 888 fuerit
792 839 985 887 tristior
1008 840 1100 887 illa
1126 839 1234 888 tibi.

239 936 294 976 at
318 943 455 976 nunc
481 935 592 976 tota
616 935 705 975 tua
732 935 824 987 est,
857 934 907 975 te
932 928 1103 975 solum
1128 927 1346 975 candida
1370 942 1545 977 secum

137 1026 196 1066 20
311 1017 520 1079 cogitat,
553 1023 603 1065 et
625 1016 813 1064 frustra
839 1015 1046 1064 credula
1075 1016 1225 1063 turba
1249 1017 1410 1065 sedet.

237 1085 462 1164 Phoebe,
495 1106 640 1153 fave:
682 1105 794 1152 laus
820 1117 1011 1165 magna
1034 1103 1125 1151 tibi
1151 1104 1405 1153 tribuetur
1428 1106 1483 1154 in
1511 1121 1616 1155 uno

310 1207 523 1256 corpore
550 1200 746 1241 servato
774 1191 1054 1240 restituisse
1080 1192 1228 1241 duos,

237 1283 341 1331 iam
366 1282 582 1340 celeber,
615 1281 718 1328 iam
742 1281 912 1328 lautus
940 1280 1056 1340 eriS,
1091 1296 1207 1329 cum
1232 1282 1403 1331 debita
1427 1283 1602 1331 reddet

309 1369 539 1418 certatim
565 1369 753 1417 sanctis
780 1370 943 1417 laetus
971 1376 1189 1432 uterque
1215 1370 1361 1419 focis,

134 1467 194 1509 25
236 1466 344 1508 tum
368 1465 418 1507 te
444 1457 647 1507 felicem
673 1458 807 1507 dicet
831 1458 917 1521 pia
942 1459 1093 1507 turba
1118 1458 1348 1519 deorum,

308 1549 559 1612 optabunt
583 1555 717 1595 artes
746 1555 796 1595 et
821 1547 918 1596 sibi
945 1547 1166 1610 quisque
1192 1555 1325 1596 tuas.

941 1917 1008 1965 V.

236 2077 336 2138 Qui
361 2079 485 2126 mihi
512 2085 579 2137 te,
611 2077 872 2137 Cerinthe‚
903 2077 1010 2125 dies
1036 2076 1190 2135 dedit,
1224 2077 1309 2125 hic
1334 2078 1457 2127 mihi
1483 2087 1696 2131 sanctus

304 2175 457 2230 atque
482 2167 617 2215 inter
641 2167 801 2215 festos
827 2180 1030 2228 semper
1055 2165 1320 2213 habendus
1348 2166 1461 2215 erit.

234 2263 284 2304 te
310 2262 552 2304 nascente
577 2270 765 2303 novum
789 2268 976 2318 parcae
1001 2254 1231 2302 cecinere
1257 2254 1445 2316 puellis

302 2344 565 2392 servitium
590 2351 642 2392 et
667 2344 915 2392 dederunt
939 2356 1101 2404 regna
1126 2342 1350 2404 superba
1371 2342 1484 2392 tibi.

166 2442 192 2482 5
232 2447 357 2480 uror
382 2446 479 2494 ego
506 2441 625 2481 ante
650 2433 807 2481 aliast
835 2432 973 2479 iuvat
989 2430 1105 2490 hoc,
1139 2429 1397 2491 cerintha,
1430 2434 1570 2495 quod
1582 2448 1725 2495 uror,

303 2520 345 2568 si
369 2520 463 2568 tibi
490 2521 552 2569 de
578 2522 725 2569 nobis
753 2528 957 2568 mutuus
985 2518 1120 2581 ignis
1146 2516 1307 2567 adest.

229 2616 437 2657 mutuus
462 2609 595 2658 adsit
619 2625 780 2668 amor,
815 2623 906 2672 per
929 2615 981 2656 te
1006 2605 1305 2654 dulcissima
1328 2607 1468 2656 furta
