1942 3000
799 167 997 206 LIBER.

146 336 240 369 nec
265 336 439 369 meum
465 330 733 385 respectet,
766 332 823 371 ut
847 333 986 384 ante,
1026 340 1273 383 amorem,

144 411 231 472 qui
256 410 398 459 illius
427 411 581 474 culpa
606 412 790 460 cecidit
812 413 953 461 velut
977 413 1112 476 prati

143 498 310 546 ultimi
336 497 452 557 flos,
484 507 841 562 praetereunte
867 509 1142 563 postquam

142 595 311 636 tactus
340 595 514 636 aratro
541 596 633 636 est.

831 961 950 1010 XII.

135 1119 439 1167 Marrucine
462 1119 629 1179 Asini,
658 1135 817 1169 manu
841 1120 1051 1170 sinistra

136 1222 247 1254 non
275 1207 414 1255 belle
438 1208 592 1256 uteris
619 1209 673 1256 in
700 1208 818 1257 ioco
844 1217 1001 1271 atque
1025 1210 1174 1259 vino:

138 1295 284 1343 tollis
314 1294 474 1343 lintea
498 1296 960 1359 neglegentiorum.

139 1382 240 1430 hoc
267 1383 463 1431 salsum
490 1397 603 1431 esse
627 1384 813 1446 putas?
851 1385 986 1446 fugit
1009 1393 1077 1445 te,
1111 1385 1314 1450 inepte:

77 1479 100 1519 5
140 1471 373 1534 quamvis
401 1471 607 1520 sordida
630 1486 710 1521 res
738 1480 787 1521 et
810 1472 1147 1523 invenustast.

139 1575 246 1608 non
275 1560 438 1609 credis
463 1560 623 1609 mihi?
661 1561 811 1609 crede
836 1562 1044 1611 Polioni

137 1647 310 1708 fratri,
338 1648 428 1710 qui
456 1656 544 1697 tua
568 1648 707 1697 furta
730 1650 808 1699 vel
836 1650 1032 1699 talento

136 1738 325 1786 mutari
352 1738 502 1786 velit:
545 1745 621 1787 est
646 1738 783 1786 enim
808 1739 1046 1803 leporum

137 1825 357 1874 disertus
385 1840 512 1887 puer
536 1840 597 1875 ac
621 1826 943 1875 facetiarum.

40 1919 97 1962 10
136 1929 297 1977 quare
323 1921 414 1962 aut
438 1915 895 1976 hendecasyllabos
922 1923 1182 1964 trecentos

134 2011 374 2065 expecta,
406 2011 495 2051 aut
521 2002 644 2051 mihi
670 2003 884 2051 linteum
910 2005 1130 2064 remitte,

134 2092 278 2154 quod
305 2106 389 2140 me
416 2106 522 2140 non
546 2101 716 2141 movet
744 2093 1117 2154 aestimatione,

132 2195 313 2228 verum
340 2189 416 2228 est
442 2194 830 2243 mnemosynum
855 2182 954 2230 mei
982 2183 1190 2231 sodalis,

130 2286 253 2318 nam
281 2270 488 2318 sudaria
514 2270 734 2320 Saetaba
761 2286 826 2320 ex
850 2271 1055 2321 Hiberis

32 2365 92 2405 15
129 2360 387 2407 miserunt
411 2359 534 2407 mihi
561 2360 762 2410 muneri
785 2361 1033 2410 Fabullus

132 2456 181 2495 et
205 2447 535 2496 Verannius:
581 2449 705 2497 haec
731 2464 896 2497 amem
921 2457 1182 2499 necessest

129 2545 185 2584 ut
209 2536 592 2585 Veranniolum
615 2551 785 2585 meum
811 2546 859 2586 et
884 2540 1175 2588 Fabullum.

1579 168 1646 219 13
