1942 3000
175 506 235 548 30

177 772 236 814 14

179 861 238 903 15

180 1303 242 1344 20

275 162 346 213 44
891 164 1149 203 omnam

277 330 646 385 ventorumque
671 322 821 370 simul
848 322 1051 385 require
1078 335 1311 369 cursum:
1383 350 1396 369 .

278 425 409 474 quos
437 417 668 469 cunctOS,
701 409 923 468 Cameri,
958 408 1079 457 mihi
1106 408 1321 468 dicares,

276 497 505 548 defessus
533 507 703 546 tamen
729 497 966 545 omnibus
1000 496 1236 545 medullis

278 595 328 637 et
352 588 527 637 multis
553 587 855 650 langoribus
884 601 1094 650 peresus

280 689 443 725 essem
468 683 519 724 te
542 674 683 735 mihi,
715 675 896 734 amice,
932 673 1292 736 quaeritando.

277 771 421 813 tanto
449 770 538 812 ten
562 762 700 812 fastu
723 777 902 826 negaS‚
933 762 1135 810 amice?

279 852 361 901 dic
386 852 538 901 nobis
562 852 652 900 ubi
676 853 747 901 sis
772 852 994 911 futurus,
1028 852 1121 899 ede

280 941 538 1001 audacter,
570 941 848 1000 committe,
881 941 1031 989 crede
1055 939 1177 988 luci.

280 1043 407 1077 num
431 1035 482 1077 te
505 1028 758 1076 lacteolae
783 1035 961 1076 tenent
986 1028 1191 1090 puellae
1206 1028 1230 1076 Ρ

282 1118 325 1166 si
350 1118 581 1181 linguam
607 1118 783 1166 clauso
810 1126 953 1166 tenes
981 1118 1038 1166 in
1062 1132 1170 1178 ore,

280 1206 476 1255 fructus
502 1205 723 1268 proicies
749 1205 938 1254 amoris
966 1219 1175 1255 omnes:

281 1295 498 1343 verbosa
522 1293 710 1357 gaudet
732 1294 911 1345 Venus
939 1294 1186 1357 loquella.

282 1384 362 1432 vel
388 1383 431 1432 si
458 1383 548 1443 viS‚
579 1384 701 1432 licet
726 1384 934 1432 obseres
961 1383 1210 1446 palatum,

284 1472 405 1521 dum
429 1472 585 1523 vostri
611 1473 706 1524 sim
730 1473 988 1537 particeps
1013 1472 1221 1521 amoris·

877 1658 1188 1667 ———-

961 1845 1099 1894 LVI.

291 2005 335 2056 O
364 2020 470 2055 rem
497 2005 780 2064 ridiculam,
812 2004 959 2064 Cato,
994 2012 1044 2052 et
1066 2005 1297 2053 iocosam

289 2096 599 2159 dignamque
622 2095 831 2143 auribus
859 2101 909 2142 et
932 2101 1024 2143 tuo
1051 2094 1322 2143 cachinn0.

288 2185 413 2245 ride,
446 2184 696 2248 quidquid
721 2199 880 2244 amas,
913 2182 1062 2243 Cato,
1095 2182 1383 2232 Catullum:

287 2289 367 2325 res
393 2281 472 2323 est
494 2273 710 2322 ridicula
736 2281 786 2321 et
812 2272 964 2321 nimis
989 2273 1183 2321 iocosa.

222 2373 247 2413 5
289 2361 532 2426 deprendi
557 2361 712 2410 modo
738 2361 992 2424 pupulum
1015 2361 1221 2423 puellae

287 2457 599 2499 trusantem:
642 2449 780 2498 hunc
805 2462 921 2511 ego,
954 2448 997 2497 si
1024 2449 1196 2511 placet
1219 2448 1442 2507 Dionae,

289 2540 492 2605 protelo
516 2538 681 2602 rigida
704 2552 819 2587 mea
850 2538 1029 2587 cecidi.
