1942 3000
802 180 980 217 uni-:R
1010 180 1076 218 11.
1558 179 1657 229 161
1719 227 1728 232 ,

212 343 264 384 te
291 349 501 398 quoque
525 336 629 383 iam
653 336 818 394 vide0,
849 336 1004 384 Marti
1032 337 1284 399 placitura
1312 338 1551 387 sacerdos

286 424 401 483 Ilia,
435 424 669 473 Vestales
697 425 980 473 deseruisse
1006 426 1171 485 focos,

213 513 627 575 concubitusque
654 523 771 561 tuos
798 513 977 562 furtim
1003 514 1254 576 vittasque
1280 514 1504 563 iacentes

286 609 335 649 et
361 603 534 665 cupidi
560 603 624 650 ad
650 603 788 664 ripas
815 618 957 651 arma
983 604 1162 652 relicta
1188 603 1286 651 dei.

119 699 180 738 55
212 691 408 753 carpite
434 706 591 750 nune,
623 692 773 750 tauri,
807 692 869 739 de
895 699 1092 754 septem
1117 692 1375 739 montibus
1402 692 1602 752 herbas,

286 780 407 827 dum
433 779 578 827 licet:
623 780 706 827 hic
732 794 950 842 magnae
976 780 1080 827 iarn
1105 779 1252 827 locus
1281 780 1419 827 urbis
1447 780 1557 829 erit.

209 866 393 927 Roma,
424 875 570 920 tuum
596 883 783 916 nomen
811 868 958 916 terris
986 868 1143 916 fatale
1170 868 1423 930 regendis,

283 971 387 1018 qua
413 971 507 1004 sua
532 956 596 1003 de
621 957 765 1004 caelo
793 956 1045 1019 prospicit
1069 971 1189 1005 arva
1216 955 1389 1015 Cere3‚

210 1059 419 1107 quaque
444 1052 619 1106 patent
647 1054 788 1092 ortus
816 1054 867 1093 et
892 1061 997 1107 qua
1023 1045 1338 1093 fluitantibus
1365 1045 1512 1094 undis

111 1141 177 1181 60
282 1132 419 1182 Solis
445 1133 746 1181 anhelantes
774 1134 935 1182 abluit
959 1134 1124 1181 amnis
1154 1148 1332 1196 equos.

207 1222 368 1271 Troia
394 1221 601 1285 quidem
625 1231 734 1269 tum
759 1237 814 1270 se
840 1223 1108 1270 mirabitur
1134 1231 1185 1270 et
1211 1223 1311 1270 sibi
1337 1222 1472 1271 dicet

279 1324 373 1358 vos
402 1312 531 1358 bene
556 1318 660 1357 tam
688 1311 846 1373 longa
872 1311 1199 1359 consuluisse
1223 1311 1320 1358 via.

150 1455 156 1461 ,
205 1415 327 1449 vera
354 1414 515 1448 cano:
559 1399 634 1447 sic
661 1413 824 1461 usque
847 1414 1019 1448 sacras
1046 1400 1260 1448 innoxia
1285 1400 1459 1448 laurus
1546 1449 1564 1464 .

277 1503 470 1548 vescar,
506 1495 555 1536 et
579 1495 842 1536 aeternum
868 1489 934 1538 sit
959 1489 1085 1537 mihi
1110 1488 1414 1551 virginitas.³

110 1587 173 1627 65
204 1579 333 1627 haec
362 1577 551 1626 cecinit
576 1585 714 1624 vates
742 1585 791 1624 et
816 1585 865 1625 te
891 1578 1009 1636 sibi,
1044 1578 1267 1636 Phoebe,
1302 1579 1515 1639 vocavit,

272 1667 483 1716 iactavit
506 1666 648 1714 susas
676 1674 726 1713 et
754 1673 910 1728 caput
932 1674 1053 1714 ante
1080 1680 1270 1714 eomas.

203 1755 457 1819 quidquid
484 1756 774 1814 Amalthea,
807 1755 1060 1817 quidquid
1086 1756 1370 1818 Marpessia
1396 1756 1522 1804 dixit

274 1845 570 1908 Herophile‚
604 1844 799 1893 Phoeto
828 1843 1084 1906 Graiaque
1111 1845 1248 1907 quod
1275 1845 1491 1905 monuit,

201 1949 436 1997 quasque
458 1934 667 1982 Aniena
691 1948 862 1981 sacras
888 1934 1074 1981 Tiburs
1104 1948 1193 1995 per
1218 1933 1431 1981 flumina
1454 1943 1618 1983 sortes

105 2031 168 2070 70
272 2023 491 2086 portarit
516 2023 656 2070 sicco
682 2022 1053 2084 pertuleritque
1078 2023 1195 2069 sinu

202 2111 326 2174 (hae
352 2111 463 2159 fore
490 2110 730 2158 dixerunt
756 2110 877 2158 belli
901 2112 1039 2157 mala
1064 2111 1211 2172 signa
1237 2118 1489 2170 cometen,

271 2200 461 2247 multus
489 2206 546 2246 ut
571 2199 624 2245 in
651 2206 812 2246 terras
840 2199 1202 2260 deplueretque
1227 2199 1388 2261 lapis:

200 2295 356 2350 atque
386 2288 536 2335 tubas
562 2296 718 2348 atque
742 2301 884 2334 arma
909 2287 1083 2334 ferunt
1105 2288 1427 2349 strepitantia
1453 2288 1598 2336 caelo

272 2375 448 2423 audita
472 2383 524 2423 et
549 2376 693 2423 lucos
721 2375 1070 2438 praecinuisse
1096 2375 1290 2437 fugam,

106 2473 130 2513 7
145 2473 172 2511 5
200 2464 371 2527 ipsum
397 2464 549 2510 etiam
576 2463 750 2512 Solem
776 2463 1033 2511 defectum
1058 2464 1250 2511 lumine
1274 2463 1399 2511 vidit

271 2550 485 2613 iungere
511 2553 764 2615 pallentes
792 2552 1000 2600 nubilus
1028 2566 1191 2598 annus
1220 2566 1382 2613 equos

202 2646 251 2687 et
275 2639 552 2688 simulacra
577 2640 727 2688 deum
753 2640 992 2712 lacrimas
1019 2639 1208 2688 fudisse
1234 2647 1466 2701 tepentes

174 2740 315 2776 Tibull.
363 2741 422 2775 ed.
444 2743 487 2775 Η.
1285 2751 1301 2790 1
1321 2752 1339 2791 ι
