1942 3000
802 164 980 203 met
1011 163 1054 202 1.
1576 162 1680 214 223

193 321 457 385 qui·modo
484 320 660 369 felices
685 321 822 370 inter
843 319 1156 370 numerabar
1179 329 1428 382 amante&

261 424 396 457 nunc
421 409 475 457 in
501 423 676 457 amore
701 417 792 457 tuo
819 424 983 473 cogor
1005 410 1197 458 habere
1222 418 1418 458 notam.

193 497 310 561 quid
335 505 535 546 tantum
561 497 760 546 merui?
798 512 929 560 quae
956 505 1007 547 te
1033 498 1160 546 mihi
1187 498 1403 547 crimina
1427 499 1661 549 mutant?

96 593 154 635 10
259 600 325 634 an
349 597 482 633 nova
510 585 744 635 tristitiae
770 601 927 636 causa
952 588 1130 650 puella
1152 587 1305 636 tuae?

191 673 262 724 sic
285 675 409 722 mihi
434 682 486 723 te
512 675 701 724 referas
729 676 873 735 leviS‚
905 683 963 724 ut
988 690 1093 723 non
1120 676 1283 723 altera
1309 683 1485 724 nostro

258 762 432 811 limine
459 764 715 811 formosos
739 764 917 811 intulit
939 763 1049 811 ulla
1075 763 1248 825 pedes.

189 851 415 915 quamvis
440 851 604 899 multa
629 850 723 898 tibi
749 850 900 898 dolor
923 850 1008 898 hic
1033 863 1175 898 meus
1204 864 1387 913 aspera
1411 849 1578 911 debet,

257 955 365 988 non
388 940 464 987 ita
489 953 640 987 saeva
663 945 835 986 tamen
861 939 1058 987 venerit
1081 939 1158 987 ira
1181 953 1298 988 mea

89 1035 149 1079 15
191 1036 245 1077 ut
269 1027 362 1076 tibi
389 1027 485 1075 sim
510 1028 694 1076 merito
721 1040 924 1090 semper
948 1027 1096 1075 furor
1120 1034 1171 1076 et
1193 1035 1283 1075 tua
1308 1027 1479 1075 flendo

258 1116 454 1164 lumina
478 1115 689 1164 deiectis
714 1115 886 1178 turpia
910 1116 1012 1163 sint
1036 1115 1276 1164 lacrimis.

193 1220 262 1254 an
288 1204 410 1267 quia
436 1218 593 1266 parva
617 1204 796 1251 damus
822 1210 1018 1251 mutato
1047 1204 1196 1266 signa
1221 1205 1394 1253 calore

266 1299 316 1340 et
340 1306 449 1339 non
476 1287 583 1340 ulla
606 1306 723 1341 meo
750 1293 940 1340 clamat
963 1294 1019 1341 in
1046 1306 1136 1340 ore
1161 1292 1283 1341 fides
1298 1292 1321 1339 ’Β

193 1394 285 1429 vos
313 1380 453 1429 eritis
481 1388 655 1441 testes,
687 1381 865 1443 siquos
892 1381 1047 1429 habet
1072 1382 1226 1429 arbor
1249 1394 1469 1441 amores,

89 1478 153 1521 20
266 1470 416 1533 fagus
435 1477 496 1519 ‘et
518 1470 744 1520 Arcadio
771 1469 923 1533 pinus
950 1469 1118 1519 amica
1143 1469 1258 1519 deo,
1356 1461 1359 1464 ’

192 1558 260 1607 ah
275 1559 515 1621 quotiens
529 1565 730 1607 teneras
745 1566 991 1606 resonant
1013 1572 1130 1607 mea
1156 1559 1311 1606 verba
1335 1559 1433 1606 sub
1458 1558 1684 1618 umbram,

265 1647 506 1695 scribitur
530 1655 581 1695 et
605 1647 782 1695 vestris
810 1645 1034 1708 Cynthia
1059 1646 1366 1696 corticibus!

191 1750 259 1784 an
286 1740 375 1783 tua
401 1736 538 1797 quod
565 1736 765 1799 peperit
790 1736 940 1784 nobis
965 1735 1156 1783 iniuria
1180 1750 1347 1795 curas,

266 1838 400 1886 quae
422 1824 593 1872 solum
616 1824 783 1872 tacitis
811 1825 1022 1886 cognita
1047 1831 1170 1873 sunt
1196 1823 1393 1872 foribus
1408 1822 1432 1871 ?

83 1921 149 1963 25
193 1913 370 1961 omnia
396 1913 640 1961 consuevi
665 1913 871 1962 timidus
897 1913 1125 1976 perferre
1158 1914 1408 1976 superbae

264 2002 424 2062 iussa,
456 2015 624 2063 neque
648 2010 831 2062 arguto
858 2002 998 2051 facta
1022 2003 1203 2051 dolore
1228 2002 1390 2064 queri.

193 2105 292 2154 pro
320 2105 444 2152 quo,
478 2088 633 2137 divini
660 2091 872 2150 Fontes,
906 2098 956 2139 et
983 2090 1171 2153 frigida
1196 2104 1349 2153 rupes

273 2185 324 2227 et
350 2179 497 2227 datur
519 2178 716 2226 inculto
743 2178 946 2227 tramite
972 2179 1101 2227 dura
1127 2179 1302 2242 quies:

197 2278 249 2316 et
277 2268 641 2330 quodcumque
665 2281 812 2316 meae
835 2276 1056 2330 possunt
1081 2283 1289 2317 narrare
1315 2269 1594 2331 querellae,

81 2365 148 2407 3ο
268 2370 430 2420 cogor
455 2357 518 2403 ad
545 2363 754 2418 argutas
781 2356 947 2405 dicere
973 2358 1116 2405 solus
1143 2372 1278 2417 aves,
1529 2344 1539 2350 ’

192 2445 287 2495 sed
315 2446 705 2508 qualiscumque
732 2457 804 2504 ee,
837 2453 1083 2494 resonent
1106 2445 1231 2494 mihi
1256 2444 1511 2507 ‘Cynthia'
1536 2444 1694 2492 silvae

268 2549 366 2584 nec
393 2534 595 2582 deserta
617 2541 709 2582 tuo
734 2533 943 2582 nomine
970 2548 1098 2581 saxa
1123 2542 1321 2585 vacent.

194 2725 371 2769 Propert.
421 2724 481 2761 ed.
502 2724 552 2761 11.
1311 2734 1332 2773 1
1345 2736 1370 2774 5
