<?xml version="1.0" encoding="UTF-8"?>
<!DOCTYPE html PUBLIC "-//W3C//DTD XHTML 1.0 Transitional//EN"
    "http://www.w3.org/TR/xhtml1/DTD/xhtml1-transitional.dtd">
<html xmlns="http://www.w3.org/1999/xhtml" xml:lang="en" lang="en">
 <head>
  <title>
</title>
<meta http-equiv="Content-Type" content="text/html;charset=utf-8" />
  <meta name='ocr-system' content='tesseract 3.04.00' />
  <meta name='ocr-capabilities' content='ocr_page ocr_carea ocr_par ocr_line ocrx_word'/>
</head>
<body>
  <div class='ocr_page' id='page_1' title='image "./catullitibullip02vahlgoog_0309.png"; bbox 0 0 1942 3000; ppageno 0'>
   <div class='ocr_carea' id='block_1_1' title="bbox 82 346 145 388">
    <p class='ocr_par' dir='ltr' id='par_1_1' title="bbox 82 346 145 388">
     <span class='ocr_line' id='line_1_1' title="bbox 82 346 145 388; baseline 0 0"><span class='ocrx_word' id='word_1_1' title='bbox 82 346 145 388; x_wconf 89' lang='lat'><strong>20</strong></span> 
     </span>
    </p>
   </div>
   <div class='ocr_carea' id='block_1_2' title="bbox 79 787 143 828">
    <p class='ocr_par' dir='ltr' id='par_1_2' title="bbox 79 787 143 828">
     <span class='ocr_line' id='line_1_2' title="bbox 79 787 143 828; baseline 0 0"><span class='ocrx_word' id='word_1_2' title='bbox 79 787 143 828; x_wconf 83' lang='lat'><strong>25</strong></span> 
     </span>
    </p>
   </div>
   <div class='ocr_carea' id='block_1_3' title="bbox 73 1229 140 1271">
    <p class='ocr_par' dir='ltr' id='par_1_3' title="bbox 73 1229 140 1271">
     <span class='ocr_line' id='line_1_3' title="bbox 73 1229 140 1271; baseline -0.045 0"><span class='ocrx_word' id='word_1_3' title='bbox 73 1229 140 1271; x_wconf 83' lang='lat'><strong>30</strong></span> 
     </span>
    </p>
   </div>
   <div class='ocr_carea' id='block_1_4' title="bbox 68 1670 135 1711">
    <p class='ocr_par' dir='ltr' id='par_1_4' title="bbox 68 1670 135 1711">
     <span class='ocr_line' id='line_1_4' title="bbox 68 1670 135 1711; baseline -0.015 0"><span class='ocrx_word' id='word_1_4' title='bbox 68 1670 135 1711; x_wconf 83' lang='lat'><strong>35</strong></span> 
     </span>
    </p>
   </div>
   <div class='ocr_carea' id='block_1_5' title="bbox 65 2110 132 2152">
    <p class='ocr_par' dir='ltr' id='par_1_5' title="bbox 65 2110 132 2152">
     <span class='ocr_line' id='line_1_5' title="bbox 65 2110 132 2152; baseline -0.03 0"><span class='ocrx_word' id='word_1_5' title='bbox 65 2110 132 2152; x_wconf 82' lang='lat'><strong>40</strong></span> 
     </span>
    </p>
   </div>
   <div class='ocr_carea' id='block_1_6' title="bbox 61 2552 130 2593">
    <p class='ocr_par' dir='ltr' id='par_1_6' title="bbox 61 2552 130 2593">
     <span class='ocr_line' id='line_1_6' title="bbox 61 2552 130 2593; baseline -0.029 0"><span class='ocrx_word' id='word_1_6' title='bbox 61 2552 130 2593; x_wconf 82' lang='lat'><strong>45</strong></span> 
     </span>
    </p>
   </div>
   <div class='ocr_carea' id='block_1_7' title="bbox 769 172 1682 228">
    <p class='ocr_par' dir='ltr' id='par_1_7' title="bbox 769 172 1682 228">
     <span class='ocr_line' id='line_1_7' title="bbox 769 172 1682 228; baseline -0.001 -11"><span class='ocrx_word' id='word_1_7' title='bbox 769 177 944 217; x_wconf 66' lang='lat' dir='ltr'><strong>menn</strong></span> <span class='ocrx_word' id='word_1_8' title='bbox 978 179 1091 217; x_wconf 85' lang='lat'>1111.</span> <span class='ocrx_word' id='word_1_9' title='bbox 1576 172 1682 228; x_wconf 78' lang='lat'><strong>299</strong></span> 
     </span>
    </p>
   </div>
   <div class='ocr_carea' id='block_1_8' title="bbox 168 335 1609 2696">
    <p class='ocr_par' dir='ltr' id='par_1_8' title="bbox 255 335 1375 398">
     <span class='ocr_line' id='line_1_8' title="bbox 255 335 1375 398; baseline 0.002 -15"><span class='ocrx_word' id='word_1_10' title='bbox 255 347 619 398; x_wconf 83' lang='lat' dir='ltr'><strong>musarumque</strong></span> <span class='ocrx_word' id='word_1_11' title='bbox 645 336 814 384; x_wconf 89' lang='lat' dir='ltr'><strong>choris</strong></span> <span class='ocrx_word' id='word_1_12' title='bbox 838 335 1141 398; x_wconf 81' lang='lat' dir='ltr'><strong>inplicuisse</strong></span> <span class='ocrx_word' id='word_1_13' title='bbox 1165 351 1375 385; x_wconf 85' lang='lat' dir='ltr'><strong>manus:</strong></span> 
     </span>
    </p>

    <p class='ocr_par' dir='ltr' id='par_1_9' title="bbox 185 424 1354 576">
     <span class='ocr_line' id='line_1_9' title="bbox 185 424 1354 487; baseline 0 -14"><span class='ocrx_word' id='word_1_14' title='bbox 185 439 266 473; x_wconf 88' lang='lat' dir='ltr'><strong>me</strong></span> <span class='ocrx_word' id='word_1_15' title='bbox 290 425 428 471; x_wconf 82' lang='lat' dir='ltr'><strong>iuvat</strong></span> <span class='ocrx_word' id='word_1_16' title='bbox 452 431 503 472; x_wconf 82' lang='lat' dir='ltr'><strong>et</strong></span> <span class='ocrx_word' id='word_1_17' title='bbox 526 424 689 471; x_wconf 85' lang='lat' dir='ltr'><strong>multo</strong></span> <span class='ocrx_word' id='word_1_18' title='bbox 715 432 939 472; x_wconf 87' lang='lat' dir='ltr'><strong>mentem</strong></span> <span class='ocrx_word' id='word_1_19' title='bbox 964 425 1156 473; x_wconf 87' lang='lat' dir='ltr'><strong>vincire</strong></span> <span class='ocrx_word' id='word_1_20' title='bbox 1181 425 1354 487; x_wconf 81' lang='lat' dir='ltr'><strong>Lyaeo</strong></span> 
     </span>
     <span class='ocr_line' id='line_1_10' title="bbox 256 512 1354 576; baseline 0 -15"><span class='ocrx_word' id='word_1_21' title='bbox 256 519 305 561; x_wconf 85' lang='lat' dir='ltr'><strong>et</strong></span> <span class='ocrx_word' id='word_1_22' title='bbox 329 520 486 576; x_wconf 81' lang='lat' dir='ltr'><strong>caput</strong></span> <span class='ocrx_word' id='word_1_23' title='bbox 510 512 563 559; x_wconf 90' lang='lat' dir='ltr'><strong>in</strong></span> <span class='ocrx_word' id='word_1_24' title='bbox 590 526 746 560; x_wconf 85' lang='lat' dir='ltr'><strong>verna</strong></span> <span class='ocrx_word' id='word_1_25' title='bbox 771 526 977 576; x_wconf 82' lang='lat' dir='ltr'><strong>semper</strong></span> <span class='ocrx_word' id='word_1_26' title='bbox 1000 514 1188 562; x_wconf 83' lang='lat' dir='ltr'><strong>habere</strong></span> <span class='ocrx_word' id='word_1_27' title='bbox 1218 529 1354 562; x_wconf 84' lang='lat' dir='ltr'><strong>rosa.</strong></span> 
     </span>
    </p>

    <p class='ocr_par' dir='ltr' id='par_1_10' title="bbox 186 600 1591 752">
     <span class='ocr_line' id='line_1_11' title="bbox 186 600 1591 664; baseline 0 -15"><span class='ocrx_word' id='word_1_28' title='bbox 186 609 336 664; x_wconf 85' lang='lat' dir='ltr'><strong>atque</strong></span> <span class='ocrx_word' id='word_1_29' title='bbox 362 600 449 649; x_wconf 90' lang='lat' dir='ltr'><strong>ubi</strong></span> <span class='ocrx_word' id='word_1_30' title='bbox 476 600 578 648; x_wconf 86' lang='lat' dir='ltr'><strong>iam</strong></span> <span class='ocrx_word' id='word_1_31' title='bbox 605 601 860 649; x_wconf 79' lang='lat' dir='ltr'><strong>Venerem</strong></span> <span class='ocrx_word' id='word_1_32' title='bbox 887 602 1055 663; x_wconf 84' lang='lat' dir='ltr'><strong>gravis</strong></span> <span class='ocrx_word' id='word_1_33' title='bbox 1082 600 1409 664; x_wconf 81' lang='lat' dir='ltr'><strong>interceperit</strong></span> <span class='ocrx_word' id='word_1_34' title='bbox 1433 609 1591 660; x_wconf 54' lang='lat' dir='ltr'><strong>aetam,</strong></span> 
     </span>
     <span class='ocr_line' id='line_1_12' title="bbox 254 689 1362 752; baseline 0 -15"><span class='ocrx_word' id='word_1_35' title='bbox 254 689 494 752; x_wconf 83' lang='lat' dir='ltr'><strong>sparserit</strong></span> <span class='ocrx_word' id='word_1_36' title='bbox 519 695 569 736; x_wconf 83' lang='lat' dir='ltr'><strong>et</strong></span> <span class='ocrx_word' id='word_1_37' title='bbox 594 689 765 751; x_wconf 86' lang='lat' dir='ltr'><strong>nigras</strong></span> <span class='ocrx_word' id='word_1_38' title='bbox 791 690 909 737; x_wconf 85' lang='lat' dir='ltr'><strong>alba</strong></span> <span class='ocrx_word' id='word_1_39' title='bbox 934 696 1144 737; x_wconf 84' lang='lat' dir='ltr'><strong>senecta</strong></span> <span class='ocrx_word' id='word_1_40' title='bbox 1171 704 1362 748; x_wconf 76' lang='lat' dir='ltr'><strong>comae,</strong></span> 
     </span>
    </p>

    <p class='ocr_par' dir='ltr' id='par_1_11' title="bbox 186 777 1540 929">
     <span class='ocr_line' id='line_1_13' title="bbox 186 777 1389 840; baseline -0.002 -14"><span class='ocrx_word' id='word_1_41' title='bbox 186 784 289 826; x_wconf 84' lang='lat' dir='ltr'><strong>tum</strong></span> <span class='ocrx_word' id='word_1_42' title='bbox 314 777 438 825; x_wconf 88' lang='lat' dir='ltr'><strong>mihi</strong></span> <span class='ocrx_word' id='word_1_43' title='bbox 464 784 680 825; x_wconf 86' lang='lat' dir='ltr'><strong>naturae</strong></span> <span class='ocrx_word' id='word_1_44' title='bbox 706 777 1178 840; x_wconf 35' lang='lat' dir='ltr'><strong>libeat1perdiscere</strong></span> <span class='ocrx_word' id='word_1_45' title='bbox 1202 792 1389 836; x_wconf 88' lang='lat' dir='ltr'><strong>mores,</strong></span> 
     </span>
     <span class='ocr_line' id='line_1_14' title="bbox 254 866 1540 929; baseline -0.001 -16"><span class='ocrx_word' id='word_1_46' title='bbox 254 866 366 929; x_wconf 88' lang='lat' dir='ltr'><strong>quis</strong></span> <span class='ocrx_word' id='word_1_47' title='bbox 393 866 515 914; x_wconf 90' lang='lat' dir='ltr'><strong>deus</strong></span> <span class='ocrx_word' id='word_1_48' title='bbox 544 866 677 913; x_wconf 85' lang='lat' dir='ltr'><strong>hanc</strong></span> <span class='ocrx_word' id='word_1_49' title='bbox 703 866 879 913; x_wconf 89' lang='lat' dir='ltr'><strong>mundi</strong></span> <span class='ocrx_word' id='word_1_50' title='bbox 904 872 1152 929; x_wconf 83' lang='lat' dir='ltr'><strong>temperet</strong></span> <span class='ocrx_word' id='word_1_51' title='bbox 1177 874 1288 913; x_wconf 88' lang='lat' dir='ltr'><strong>arte</strong></span> <span class='ocrx_word' id='word_1_52' title='bbox 1314 866 1540 925; x_wconf 90' lang='lat' dir='ltr'><strong>domum,</strong></span> 
     </span>
    </p>

    <p class='ocr_par' dir='ltr' id='par_1_12' title="bbox 184 945 1609 1105">
     <span class='ocr_line' id='line_1_15' title="bbox 184 945 1609 1018; baseline 0 -16"><span class='ocrx_word' id='word_1_53' title='bbox 184 970 286 1018; x_wconf 89' lang='lat' dir='ltr'><strong>qua</strong></span> <span class='ocrx_word' id='word_1_54' title='bbox 310 947 449 1002; x_wconf 63' lang='lat' dir='ltr'><strong>renit</strong></span> <span class='ocrx_word' id='word_1_55' title='bbox 473 954 730 1014; x_wconf 86' lang='lat' dir='ltr'><strong>exoriens,</strong></span> <span class='ocrx_word' id='word_1_56' title='bbox 761 969 866 1016; x_wconf 87' lang='lat' dir='ltr'><strong>qua</strong></span> <span class='ocrx_word' id='word_1_57' title='bbox 890 954 1077 1014; x_wconf 85' lang='lat' dir='ltr'><strong>deficit,</strong></span> <span class='ocrx_word' id='word_1_58' title='bbox 1111 954 1247 1002; x_wconf 86' lang='lat' dir='ltr'><strong>unde</strong></span> <span class='ocrx_word' id='word_1_59' title='bbox 1273 953 1464 1002; x_wconf 79' lang='lat' dir='ltr'><strong>coactis</strong></span> <span class='ocrx_word' id='word_1_60' title='bbox 1602 945 1609 951; x_wconf 70' lang='grc'><strong><em>’</em></strong></span> 
     </span>
     <span class='ocr_line' id='line_1_16' title="bbox 252 1041 1422 1105; baseline -0.001 -14"><span class='ocrx_word' id='word_1_61' title='bbox 252 1043 493 1091; x_wconf 87' lang='lat' dir='ltr'><strong>cornibus</strong></span> <span class='ocrx_word' id='word_1_62' title='bbox 520 1042 575 1090; x_wconf 90' lang='lat' dir='ltr'><strong>in</strong></span> <span class='ocrx_word' id='word_1_63' title='bbox 601 1043 812 1105; x_wconf 88' lang='lat' dir='ltr'><strong>plenum</strong></span> <span class='ocrx_word' id='word_1_64' title='bbox 835 1049 1100 1090; x_wconf 85' lang='lat' dir='ltr'><strong>menstrua</strong></span> <span class='ocrx_word' id='word_1_65' title='bbox 1124 1043 1249 1090; x_wconf 87' lang='lat' dir='ltr'><strong>luna</strong></span> <span class='ocrx_word' id='word_1_66' title='bbox 1275 1041 1422 1102; x_wconf 89' lang='lat' dir='ltr'><strong>redit,</strong></span> 
     </span>
    </p>

    <p class='ocr_par' dir='ltr' id='par_1_13' title="bbox 182 1131 1493 1283">
     <span class='ocr_line' id='line_1_17' title="bbox 182 1131 1493 1195; baseline 0 -16"><span class='ocrx_word' id='word_1_67' title='bbox 182 1132 315 1179; x_wconf 90' lang='lat' dir='ltr'><strong>unde</strong></span> <span class='ocrx_word' id='word_1_68' title='bbox 341 1132 451 1178; x_wconf 83' lang='lat' dir='ltr'><strong>salo</strong></span> <span class='ocrx_word' id='word_1_69' title='bbox 477 1139 724 1195; x_wconf 84' lang='lat' dir='ltr'><strong>superant</strong></span> <span class='ocrx_word' id='word_1_70' title='bbox 748 1132 903 1191; x_wconf 84' lang='lat' dir='ltr'><strong>venti,</strong></span> <span class='ocrx_word' id='word_1_71' title='bbox 936 1132 1061 1194; x_wconf 84' lang='lat' dir='ltr'><strong>quid</strong></span> <span class='ocrx_word' id='word_1_72' title='bbox 1087 1131 1296 1179; x_wconf 79' lang='lat' dir='ltr'><strong>fiamine</strong></span> <span class='ocrx_word' id='word_1_73' title='bbox 1322 1138 1493 1194; x_wconf 80' lang='lat' dir='ltr'><strong>captet</strong></span> 
     </span>
     <span class='ocr_line' id='line_1_18' title="bbox 254 1220 1383 1283; baseline -0.001 -16"><span class='ocrx_word' id='word_1_74' title='bbox 254 1234 424 1278; x_wconf 87' lang='lat' dir='ltr'><strong>eurus,</strong></span> <span class='ocrx_word' id='word_1_75' title='bbox 456 1226 507 1266; x_wconf 87' lang='lat' dir='ltr'><strong>et</strong></span> <span class='ocrx_word' id='word_1_76' title='bbox 530 1220 584 1266; x_wconf 93' lang='lat' dir='ltr'><strong>in</strong></span> <span class='ocrx_word' id='word_1_77' title='bbox 612 1221 774 1268; x_wconf 87' lang='lat' dir='ltr'><strong>nubes</strong></span> <span class='ocrx_word' id='word_1_78' title='bbox 800 1220 938 1267; x_wconf 87' lang='lat' dir='ltr'><strong>unde</strong></span> <span class='ocrx_word' id='word_1_79' title='bbox 963 1220 1203 1283; x_wconf 88' lang='lat' dir='ltr'><strong>perennis</strong></span> <span class='ocrx_word' id='word_1_80' title='bbox 1231 1234 1383 1281; x_wconf 87' lang='lat' dir='ltr'><strong>aqua,</strong></span> 
     </span>
    </p>

    <p class='ocr_par' dir='ltr' id='par_1_14' title="bbox 181 1307 1434 1462">
     <span class='ocr_line' id='line_1_19' title="bbox 181 1307 1434 1370; baseline -0.001 -14"><span class='ocrx_word' id='word_1_81' title='bbox 181 1308 249 1369; x_wconf 72' lang='lat' dir='ltr'><strong>sit</strong></span> <span class='ocrx_word' id='word_1_82' title='bbox 274 1315 487 1355; x_wconf 75' lang='lat' dir='ltr'><strong>ventura</strong></span> <span class='ocrx_word' id='word_1_83' title='bbox 510 1307 636 1366; x_wconf 75' lang='lat' dir='ltr'><strong>dice,</strong></span> <span class='ocrx_word' id='word_1_84' title='bbox 668 1308 846 1355; x_wconf 88' lang='lat' dir='ltr'><strong>mundi</strong></span> <span class='ocrx_word' id='word_1_85' title='bbox 873 1322 1008 1370; x_wconf 85' lang='lat' dir='ltr'><strong>quae</strong></span> <span class='ocrx_word' id='word_1_86' title='bbox 1034 1309 1248 1356; x_wconf 85' lang='lat' dir='ltr'><strong>subruat</strong></span> <span class='ocrx_word' id='word_1_87' title='bbox 1272 1323 1434 1368; x_wconf 87' lang='lat' dir='ltr'><strong>arces,</strong></span> 
     </span>
     <span class='ocr_line' id='line_1_20' title="bbox 253 1395 1418 1462; baseline 0.001 -21"><span class='ocrx_word' id='word_1_88' title='bbox 253 1408 539 1458; x_wconf 84' lang='lat' dir='ltr'><strong>purpureus</strong></span> <span class='ocrx_word' id='word_1_89' title='bbox 565 1395 765 1457; x_wconf 84' lang='lat' dir='ltr'><strong>pluvias</strong></span> <span class='ocrx_word' id='word_1_90' title='bbox 791 1410 883 1443; x_wconf 87' lang='lat' dir='ltr'><strong>cur</strong></span> <span class='ocrx_word' id='word_1_91' title='bbox 908 1397 1038 1462; x_wconf 66' lang='lat' dir='ltr'><strong>bibit</strong></span> <span class='ocrx_word' id='word_1_92' title='bbox 1063 1411 1211 1444; x_wconf 87' lang='lat' dir='ltr'><strong>arcus</strong></span> <span class='ocrx_word' id='word_1_93' title='bbox 1238 1410 1418 1458; x_wconf 84' lang='lat' dir='ltr'><strong>aquas,</strong></span> 
     </span>
    </p>

    <p class='ocr_par' dir='ltr' id='par_1_15' title="bbox 178 1482 1459 1635">
     <span class='ocr_line' id='line_1_21' title="bbox 178 1482 1459 1545; baseline -0.001 -12"><span class='ocrx_word' id='word_1_94' title='bbox 178 1493 266 1533; x_wconf 87' lang='lat' dir='ltr'><strong>aut</strong></span> <span class='ocrx_word' id='word_1_95' title='bbox 292 1498 383 1532; x_wconf 85' lang='lat' dir='ltr'><strong>cur</strong></span> <span class='ocrx_word' id='word_1_96' title='bbox 407 1482 686 1532; x_wconf 81' lang='lat' dir='ltr'><strong>Perrhaebi</strong></span> <span class='ocrx_word' id='word_1_97' title='bbox 712 1489 963 1533; x_wconf 78' lang='lat' dir='ltr'><strong>tremuere</strong></span> <span class='ocrx_word' id='word_1_98' title='bbox 998 1484 1264 1533; x_wconf 85' lang='lat' dir='ltr'><strong>cacumina</strong></span> <span class='ocrx_word' id='word_1_99' title='bbox 1287 1483 1459 1545; x_wconf 87' lang='lat' dir='ltr'><strong>Pindi,</strong></span> 
     </span>
     <span class='ocr_line' id='line_1_22' title="bbox 252 1571 1226 1635; baseline 0.001 -15"><span class='ocrx_word' id='word_1_100' title='bbox 252 1573 377 1621; x_wconf 90' lang='lat' dir='ltr'><strong>solis</strong></span> <span class='ocrx_word' id='word_1_101' title='bbox 405 1578 454 1620; x_wconf 80' lang='lat' dir='ltr'><strong>et</strong></span> <span class='ocrx_word' id='word_1_102' title='bbox 479 1571 655 1619; x_wconf 85' lang='lat' dir='ltr'><strong>atratis</strong></span> <span class='ocrx_word' id='word_1_103' title='bbox 682 1572 873 1620; x_wconf 81' lang='lat' dir='ltr'><strong>luxerit</strong></span> <span class='ocrx_word' id='word_1_104' title='bbox 896 1572 1036 1621; x_wconf 89' lang='lat' dir='ltr'><strong>orbis</strong></span> <span class='ocrx_word' id='word_1_105' title='bbox 1064 1575 1226 1635; x_wconf 87' lang='lat' dir='ltr'><strong>equis,</strong></span> 
     </span>
    </p>

    <p class='ocr_par' dir='ltr' id='par_1_16' title="bbox 180 1661 1414 1813">
     <span class='ocr_line' id='line_1_23' title="bbox 180 1661 1414 1724; baseline 0 -15"><span class='ocrx_word' id='word_1_106' title='bbox 180 1675 272 1709; x_wconf 89' lang='lat' dir='ltr'><strong>cur</strong></span> <span class='ocrx_word' id='word_1_107' title='bbox 295 1675 436 1709; x_wconf 89' lang='lat' dir='ltr'><strong>serus</strong></span> <span class='ocrx_word' id='word_1_108' title='bbox 462 1674 663 1707; x_wconf 81' lang='lat' dir='ltr'><strong>versare</strong></span> <span class='ocrx_word' id='word_1_109' title='bbox 689 1661 843 1709; x_wconf 85' lang='lat' dir='ltr'><strong>boves</strong></span> <span class='ocrx_word' id='word_1_110' title='bbox 872 1668 922 1709; x_wconf 83' lang='lat' dir='ltr'><strong>et</strong></span> <span class='ocrx_word' id='word_1_111' title='bbox 946 1662 1178 1724; x_wconf 86' lang='lat' dir='ltr'><strong>plaustra</strong></span> <span class='ocrx_word' id='word_1_112' title='bbox 1200 1661 1414 1720; x_wconf 85' lang='lat' dir='ltr'><strong>Bootes,</strong></span> 
     </span>
     <span class='ocr_line' id='line_1_24' title="bbox 249 1748 1340 1813; baseline -0.001 -16"><span class='ocrx_word' id='word_1_113' title='bbox 249 1749 516 1798; x_wconf 80' lang='lat' dir='ltr'><strong>Pleiadum</strong></span> <span class='ocrx_word' id='word_1_114' title='bbox 542 1749 712 1813; x_wconf 89' lang='lat' dir='ltr'><strong>spisso</strong></span> <span class='ocrx_word' id='word_1_115' title='bbox 739 1763 829 1796; x_wconf 89' lang='lat' dir='ltr'><strong>cur</strong></span> <span class='ocrx_word' id='word_1_116' title='bbox 854 1749 957 1797; x_wconf 84' lang='lat' dir='ltr'><strong>coit</strong></span> <span class='ocrx_word' id='word_1_117' title='bbox 982 1749 1104 1811; x_wconf 86' lang='lat' dir='ltr'><strong>igue</strong></span> <span class='ocrx_word' id='word_1_118' title='bbox 1132 1748 1340 1808; x_wconf 88' lang='lat' dir='ltr'><strong>chorus,</strong></span> 
     </span>
    </p>

    <p class='ocr_par' dir='ltr' id='par_1_17' title="bbox 177 1838 1374 1989">
     <span class='ocr_line' id='line_1_25' title="bbox 177 1838 1371 1900; baseline -0.001 -14"><span class='ocrx_word' id='word_1_119' title='bbox 177 1852 331 1886; x_wconf 87' lang='lat' dir='ltr'><strong>curve</strong></span> <span class='ocrx_word' id='word_1_120' title='bbox 357 1852 479 1886; x_wconf 89' lang='lat' dir='ltr'><strong>suos</strong></span> <span class='ocrx_word' id='word_1_121' title='bbox 506 1838 634 1886; x_wconf 88' lang='lat' dir='ltr'><strong>fines</strong></span> <span class='ocrx_word' id='word_1_122' title='bbox 661 1838 821 1886; x_wconf 87' lang='lat' dir='ltr'><strong>altum</strong></span> <span class='ocrx_word' id='word_1_123' title='bbox 848 1853 954 1887; x_wconf 89' lang='lat' dir='ltr'><strong>non</strong></span> <span class='ocrx_word' id='word_1_124' title='bbox 983 1845 1133 1886; x_wconf 85' lang='lat' dir='ltr'><strong>exeat</strong></span> <span class='ocrx_word' id='word_1_125' title='bbox 1159 1851 1371 1900; x_wconf 88' lang='lat' dir='ltr'><strong>aequor,</strong></span> 
     </span>
     <span class='ocr_line' id='line_1_26' title="bbox 251 1926 1374 1989; baseline -0.002 -15"><span class='ocrx_word' id='word_1_126' title='bbox 251 1926 434 1988; x_wconf 89' lang='lat' dir='ltr'><strong>plenus</strong></span> <span class='ocrx_word' id='word_1_127' title='bbox 463 1933 513 1974; x_wconf 84' lang='lat' dir='ltr'><strong>et</strong></span> <span class='ocrx_word' id='word_1_128' title='bbox 536 1927 590 1974; x_wconf 89' lang='lat' dir='ltr'><strong>in</strong></span> <span class='ocrx_word' id='word_1_129' title='bbox 615 1935 784 1989; x_wconf 84' lang='lat' dir='ltr'><strong>partes</strong></span> <span class='ocrx_word' id='word_1_130' title='bbox 812 1934 1057 1989; x_wconf 84' lang='lat' dir='ltr'><strong>quattuor</strong></span> <span class='ocrx_word' id='word_1_131' title='bbox 1081 1940 1248 1974; x_wconf 85' lang='lat' dir='ltr'><strong>annus</strong></span> <span class='ocrx_word' id='word_1_132' title='bbox 1276 1932 1374 1984; x_wconf 83' lang='lat' dir='ltr'><strong>eat,</strong></span> 
     </span>
    </p>

    <p class='ocr_par' dir='ltr' id='par_1_18' title="bbox 176 2014 1562 2165">
     <span class='ocr_line' id='line_1_27' title="bbox 176 2014 1562 2071; baseline -0.001 -10"><span class='ocrx_word' id='word_1_133' title='bbox 176 2014 274 2062; x_wconf 92' lang='lat' dir='ltr'><strong>sub</strong></span> <span class='ocrx_word' id='word_1_134' title='bbox 300 2014 445 2061; x_wconf 86' lang='lat' dir='ltr'><strong>terris</strong></span> <span class='ocrx_word' id='word_1_135' title='bbox 472 2015 577 2062; x_wconf 85' lang='lat' dir='ltr'><strong>sint</strong></span> <span class='ocrx_word' id='word_1_136' title='bbox 599 2015 710 2062; x_wconf 89' lang='lat' dir='ltr'><strong>iura</strong></span> <span class='ocrx_word' id='word_1_137' title='bbox 735 2015 886 2063; x_wconf 90' lang='lat' dir='ltr'><strong>deum</strong></span> <span class='ocrx_word' id='word_1_138' title='bbox 914 2021 965 2063; x_wconf 82' lang='lat' dir='ltr'><strong>et</strong></span> <span class='ocrx_word' id='word_1_139' title='bbox 989 2021 1246 2062; x_wconf 83' lang='lat' dir='ltr'><strong>tormenta</strong></span> <span class='ocrx_word' id='word_1_140' title='bbox 1271 2019 1562 2071; x_wconf 87' lang='lat' dir='ltr'><strong>nocentum,</strong></span> 
     </span>
     <span class='ocr_line' id='line_1_28' title="bbox 247 2097 1313 2165; baseline -0.001 -15"><span class='ocrx_word' id='word_1_141' title='bbox 247 2102 559 2165; x_wconf 85' lang='lat' dir='ltr'><strong>Tisiphones</strong></span> <span class='ocrx_word' id='word_1_142' title='bbox 586 2097 698 2149; x_wconf 83' lang='lat' dir='ltr'><strong>a&#39;tro</strong></span> <span class='ocrx_word' id='word_1_143' title='bbox 726 2102 767 2150; x_wconf 89' lang='lat' dir='ltr'><strong>si</strong></span> <span class='ocrx_word' id='word_1_144' title='bbox 794 2102 917 2150; x_wconf 83' lang='lat' dir='ltr'><strong>furit</strong></span> <span class='ocrx_word' id='word_1_145' title='bbox 941 2115 1114 2164; x_wconf 86' lang='lat' dir='ltr'><strong>angue</strong></span> <span class='ocrx_word' id='word_1_146' title='bbox 1140 2109 1313 2163; x_wconf 84' lang='lat' dir='ltr'><strong>caput,</strong></span> 
     </span>
    </p>

    <p class='ocr_par' dir='ltr' id='par_1_19' title="bbox 173 2189 1598 2342">
     <span class='ocr_line' id='line_1_29' title="bbox 173 2189 1411 2249; baseline -0.002 -11"><span class='ocrx_word' id='word_1_147' title='bbox 173 2197 264 2238; x_wconf 85' lang='lat' dir='ltr'><strong>aut</strong></span> <span class='ocrx_word' id='word_1_148' title='bbox 287 2189 662 2238; x_wconf 80' lang='lat' dir='ltr'><strong>Alcmaeoniae</strong></span> <span class='ocrx_word' id='word_1_149' title='bbox 688 2190 856 2238; x_wconf 87' lang='lat' dir='ltr'><strong>furiae</strong></span> <span class='ocrx_word' id='word_1_150' title='bbox 880 2198 970 2237; x_wconf 85' lang='lat' dir='ltr'><strong>aut</strong></span> <span class='ocrx_word' id='word_1_151' title='bbox 994 2189 1186 2238; x_wconf 87' lang='lat' dir='ltr'><strong>ieiunia</strong></span> <span class='ocrx_word' id='word_1_152' title='bbox 1210 2189 1411 2249; x_wconf 85' lang='lat' dir='ltr'><strong>Phinei,</strong></span> 
     </span>
     <span class='ocr_line' id='line_1_30' title="bbox 247 2278 1598 2342; baseline 0 -16"><span class='ocrx_word' id='word_1_153' title='bbox 247 2294 374 2326; x_wconf 91' lang='lat' dir='ltr'><strong>num</strong></span> <span class='ocrx_word' id='word_1_154' title='bbox 399 2285 532 2337; x_wconf 87' lang='lat' dir='ltr'><strong>rota,</strong></span> <span class='ocrx_word' id='word_1_155' title='bbox 563 2293 689 2326; x_wconf 87' lang='lat' dir='ltr'><strong>num</strong></span> <span class='ocrx_word' id='word_1_156' title='bbox 714 2279 935 2342; x_wconf 87' lang='lat' dir='ltr'><strong>scopuli,</strong></span> <span class='ocrx_word' id='word_1_157' title='bbox 968 2292 1093 2326; x_wconf 90' lang='lat' dir='ltr'><strong>num</strong></span> <span class='ocrx_word' id='word_1_158' title='bbox 1119 2278 1227 2326; x_wconf 88' lang='lat' dir='ltr'><strong>sitis</strong></span> <span class='ocrx_word' id='word_1_159' title='bbox 1253 2278 1390 2327; x_wconf 84' lang='lat' dir='ltr'><strong>inter</strong></span> <span class='ocrx_word' id='word_1_160' title='bbox 1415 2293 1598 2340; x_wconf 76' lang='lat' dir='ltr'><strong>aquaS,</strong></span> 
     </span>
    </p>

    <p class='ocr_par' dir='ltr' id='par_1_20' title="bbox 173 2366 1515 2517">
     <span class='ocr_line' id='line_1_31' title="bbox 173 2366 1515 2416; baseline 0.001 -2"><span class='ocrx_word' id='word_1_161' title='bbox 173 2382 303 2415; x_wconf 91' lang='lat' dir='ltr'><strong>num</strong></span> <span class='ocrx_word' id='word_1_162' title='bbox 325 2366 486 2415; x_wconf 79' lang='lat' dir='ltr'><strong>tribus</strong></span> <span class='ocrx_word' id='word_1_163' title='bbox 511 2367 771 2414; x_wconf 89' lang='lat' dir='ltr'><strong>infernum</strong></span> <span class='ocrx_word' id='word_1_164' title='bbox 798 2366 1023 2415; x_wconf 83' lang='lat' dir='ltr'><strong>custodit</strong></span> <span class='ocrx_word' id='word_1_165' title='bbox 1048 2367 1283 2415; x_wconf 83' lang='lat' dir='ltr'><strong>faucibus</strong></span> <span class='ocrx_word' id='word_1_166' title='bbox 1310 2375 1515 2416; x_wconf 83' lang='lat' dir='ltr'><strong>antrum</strong></span> 
     </span>
     <span class='ocr_line' id='line_1_32' title="bbox 249 2455 1406 2517; baseline 0 -14"><span class='ocrx_word' id='word_1_167' title='bbox 249 2455 522 2513; x_wconf 86' lang='lat' dir='ltr'><strong>Cerberus,</strong></span> <span class='ocrx_word' id='word_1_168' title='bbox 553 2462 604 2503; x_wconf 87' lang='lat' dir='ltr'><strong>et</strong></span> <span class='ocrx_word' id='word_1_169' title='bbox 628 2455 780 2516; x_wconf 78' lang='lat' dir='ltr'><strong>Tityo</strong></span> <span class='ocrx_word' id='word_1_170' title='bbox 806 2455 987 2517; x_wconf 87' lang='lat' dir='ltr'><strong>iugera</strong></span> <span class='ocrx_word' id='word_1_171' title='bbox 1011 2470 1179 2517; x_wconf 88' lang='lat' dir='ltr'><strong>pauca</strong></span> <span class='ocrx_word' id='word_1_172' title='bbox 1204 2470 1406 2516; x_wconf 76' lang='lat' dir='ltr'><strong>novem,</strong></span> 
     </span>
    </p>

    <p class='ocr_par' dir='ltr' id='par_1_21' title="bbox 168 2541 1515 2696">
     <span class='ocr_line' id='line_1_33' title="bbox 168 2541 1408 2606; baseline 0 -14"><span class='ocrx_word' id='word_1_173' title='bbox 168 2548 245 2592; x_wconf 81' lang='lat' dir='ltr'><strong>&#39;an</strong></span> <span class='ocrx_word' id='word_1_174' title='bbox 273 2545 391 2592; x_wconf 84' lang='lat' dir='ltr'><strong>ficta</strong></span> <span class='ocrx_word' id='word_1_175' title='bbox 415 2543 469 2591; x_wconf 89' lang='lat' dir='ltr'><strong>in</strong></span> <span class='ocrx_word' id='word_1_176' title='bbox 494 2544 705 2592; x_wconf 90' lang='lat' dir='ltr'><strong>miseras</strong></span> <span class='ocrx_word' id='word_1_177' title='bbox 731 2542 995 2592; x_wconf 81' lang='lat' dir='ltr'><strong>descendit</strong></span> <span class='ocrx_word' id='word_1_178' title='bbox 1019 2541 1197 2591; x_wconf 80' lang='lat' dir='ltr'><strong>fabula</strong></span> <span class='ocrx_word' id='word_1_179' title='bbox 1221 2544 1408 2606; x_wconf 44' lang='lat' dir='ltr'><strong>genti&amp;</strong></span> 
     </span>
     <span class='ocr_line' id='line_1_34' title="bbox 248 2632 1515 2696; baseline 0 -16"><span class='ocrx_word' id='word_1_180' title='bbox 248 2639 300 2680; x_wconf 89' lang='lat' dir='ltr'><strong>et</strong></span> <span class='ocrx_word' id='word_1_181' title='bbox 324 2632 478 2680; x_wconf 90' lang='lat' dir='ltr'><strong>timor</strong></span> <span class='ocrx_word' id='word_1_182' title='bbox 500 2633 633 2681; x_wconf 86' lang='lat' dir='ltr'><strong>haud</strong></span> <span class='ocrx_word' id='word_1_183' title='bbox 662 2634 797 2681; x_wconf 86' lang='lat' dir='ltr'><strong>ultra</strong></span> <span class='ocrx_word' id='word_1_184' title='bbox 822 2647 979 2695; x_wconf 86' lang='lat' dir='ltr'><strong>quam</strong></span> <span class='ocrx_word' id='word_1_185' title='bbox 1005 2646 1161 2695; x_wconf 88' lang='lat' dir='ltr'><strong>rogus</strong></span> <span class='ocrx_word' id='word_1_186' title='bbox 1190 2646 1302 2681; x_wconf 87' lang='lat' dir='ltr'><strong>esse</strong></span> <span class='ocrx_word' id='word_1_187' title='bbox 1327 2639 1515 2696; x_wconf 83' lang='lat' dir='ltr'><strong>potest.</strong></span> 
     </span>
    </p>
   </div>
  </div>
 </body>
</html>
