1942 3000
762 174 940 213 unna
973 174 1068 211 111.
1561 170 1664 220 231

173 329 394 393 adspice,
425 336 484 378 ut
508 329 564 378 in
589 338 699 379 toto
726 331 902 379 nullus
928 330 1054 379 mihi
1081 345 1297 393 corpore
1325 337 1502 394 surgat

244 418 470 481 spiritus,
504 419 728 468 admisso
756 427 909 468 notus
937 419 1231 468 adulterio.³

174 506 314 566 dixit,
347 513 397 554 et
423 508 662 570 opposita
686 509 982 571 propellens
1007 507 1147 556 savia
1172 507 1352 556 dextra

69 603 133 643 40
241 595 444 657 prosilit
466 596 521 643 in
545 597 667 644 laxa
692 597 816 645 nixa
840 598 1024 660 pedem
1049 597 1208 645 solea.

174 682 246 731 sic
271 697 367 745 ego
392 690 499 731 tam
521 683 686 732 sancti
710 687 737 745 †
763 685 978 733 custode
1002 685 1240 733 recludor
1266 684 1474 733 amoris·

243 784 306 819 ex
330 771 424 819 illo
450 770 580 820 felix
602 786 712 821 nox
735 772 861 820 mihi
887 772 1035 820 nulla
1061 771 1176 820 fuit.

757 975 1078 985 ———-

830 1211 1001 1261 XXX.

167 1384 305 1446 ‘Quo
321 1385 457 1448 fugis
472 1387 539 1434 ah
554 1388 763 1437 demens
777 1389 800 1436 ’.Ρ
827 1390 971 1436 nulla
988 1396 1065 1437 est
1086 1389 1227 1451 fuga.
1283 1395 1340 1437 tu
1361 1390 1482 1438 licet
1503 1402 1670 1451 usqne

243 1476 307 1523 ad
330 1475 534 1525 Tanain
560 1476 757 1541 fugias:
801 1492 966 1541 usque
991 1485 1235 1541 sequetur
1258 1477 1439 1528 Amor.

171 1580 278 1613 non
306 1565 349 1614 si
375 1565 608 1629 Pegaseo
634 1568 847 1616 vecteris
873 1568 929 1615 in
954 1581 1075 1616 aere
1098 1568 1271 1627 dorso,

244 1667 342 1702 nec
368 1654 458 1703 tibi
485 1655 528 1703 si
551 1655 725 1704 Persei
753 1655 971 1703 moverit
994 1655 1078 1702 ala
1104 1655 1287 1717 pedes:

104 1752 129 1791 5
172 1743 253 1790 vel
280 1743 324 1791 si
351 1750 400 1792 te
426 1752 596 1793 sectae
621 1744 824 1807 rapiant
847 1744 1096 1793 talaribus
1123 1758 1296 1805 aurae,

244 1831 318 1879 nil
343 1832 435 1880 tibi
458 1831 700 1880 Mercurii
725 1833 954 1895 proderit
979 1833 1085 1881 alta
1109 1832 1207 1881 via.

171 1917 330 1966 instat
354 1932 556 1982 semper
578 1920 743 1968 Amor
766 1935 921 1982 supra
947 1926 1130 1983 caput:
1174 1921 1333 1969 instat
1356 1920 1571 1979 amanti,

245 2013 295 2054 et
321 2007 488 2069 gravis
512 2009 627 2071 ipsa
652 2023 806 2070 super
830 2009 995 2057 libera
1021 2008 1159 2056 colla
1186 2008 1345 2057 sedet.

173 2096 395 2143 excubat
419 2095 507 2144 ille
533 2110 653 2144 acer
680 2104 853 2144 custos
881 2104 932 2144 et
956 2097 1140 2145 tollere
1163 2111 1447 2159 numquam

69 2192 129 2232 10
246 2191 297 2231 te
322 2184 544 2246 patietur
568 2185 724 2232 humo
749 2184 948 2232 lumina
972 2191 1123 2247 capta
1147 2186 1324 2233 semel.

174 2279 225 2320 et
250 2271 355 2319 iam
380 2272 422 2320 si
449 2286 648 2335 pecces,
682 2273 806 2320 deus
833 2273 1111 2321 exorabilis
1138 2273 1291 2333 illest,

244 2360 288 2409 si
314 2362 469 2409 modo
496 2361 781 2424 praesentis
807 2361 992 2410 viderit
1015 2375 1128 2410 esse
1152 2375 1346 2424 preces.

171 2448 271 2497 ista
298 2463 447 2497 senes
473 2450 594 2498 licet
618 2455 862 2499 accusent
886 2449 1122 2498 convivia
1147 2450 1288 2498 duriz

248 2551 343 2585 nos
371 2539 525 2586 modo
552 2537 891 2601 propositum,
923 2537 1043 2597 vita,
1076 2544 1297 2585 teramus
1324 2537 1436 2586 iter.

66 2631 128 2672 15
171 2623 386 2672 illorum
410 2625 637 2687 antiquis
665 2631 944 2673 onerentur
968 2623 1171 2687 legibus
1197 2639 1373 2673 aures:
