<?xml version="1.0" encoding="UTF-8"?>
<!DOCTYPE html PUBLIC "-//W3C//DTD XHTML 1.0 Transitional//EN"
    "http://www.w3.org/TR/xhtml1/DTD/xhtml1-transitional.dtd">
<html xmlns="http://www.w3.org/1999/xhtml" xml:lang="en" lang="en">
 <head>
  <title>
</title>
<meta http-equiv="Content-Type" content="text/html;charset=utf-8" />
  <meta name='ocr-system' content='tesseract 3.04.00' />
  <meta name='ocr-capabilities' content='ocr_page ocr_carea ocr_par ocr_line ocrx_word'/>
</head>
<body>
  <div class='ocr_page' id='page_1' title='image "./catullitibullip02vahlgoog_0210.png"; bbox 0 0 1942 3000; ppageno 0'>
   <div class='ocr_carea' id='block_1_1' title="bbox 235 162 1145 211">
    <p class='ocr_par' dir='ltr' id='par_1_1' title="bbox 235 162 1145 211">
     <span class='ocr_line' id='line_1_1' title="bbox 235 162 1145 211; baseline -0.012 0"><span class='ocrx_word' id='word_1_1' title='bbox 235 162 339 211; x_wconf 83' lang='lat'><strong>200</strong></span> <span class='ocrx_word' id='word_1_2' title='bbox 819 163 1145 202; x_wconf 75' lang='lat' dir='ltr'>PROPERTH</span> 
     </span>
    </p>
   </div>
   <div class='ocr_carea' id='block_1_2' title="bbox 133 319 1571 836">
    <p class='ocr_par' dir='ltr' id='par_1_2' title="bbox 133 319 1571 836">
     <span class='ocr_line' id='line_1_2' title="bbox 305 319 1304 383; baseline -0.003 -14"><span class='ocrx_word' id='word_1_3' title='bbox 305 322 510 370; x_wconf 85' lang='lat' dir='ltr'><strong>saucius</strong></span> <span class='ocrx_word' id='word_1_4' title='bbox 535 321 772 370; x_wconf 84' lang='lat' dir='ltr'><strong>Arcadiis</strong></span> <span class='ocrx_word' id='word_1_5' title='bbox 800 320 1012 383; x_wconf 85' lang='lat' dir='ltr'>rupibus</span> <span class='ocrx_word' id='word_1_6' title='bbox 1039 319 1304 383; x_wconf 83' lang='lat' dir='ltr'><strong>ingemuit.</strong></span> 
     </span>
     <span class='ocr_line' id='line_1_3' title="bbox 133 407 1368 474; baseline -0.002 -16"><span class='ocrx_word' id='word_1_7' title='bbox 133 417 192 459; x_wconf 79' lang='lat'><strong>15</strong></span> <span class='ocrx_word' id='word_1_8' title='bbox 234 423 355 473; x_wconf 85' lang='lat' dir='ltr'><strong>ergo</strong></span> <span class='ocrx_word' id='word_1_9' title='bbox 382 409 612 460; x_wconf 75' lang='lat' dir='ltr'><strong>velocem</strong></span> <span class='ocrx_word' id='word_1_10' title='bbox 636 409 803 473; x_wconf 87' lang='lat' dir='ltr'><strong>potuit</strong></span> <span class='ocrx_word' id='word_1_11' title='bbox 830 408 1089 457; x_wconf 83' lang='lat' dir='ltr'><strong>domuisse</strong></span> <span class='ocrx_word' id='word_1_12' title='bbox 1110 407 1368 474; x_wconf 82' lang='lat' dir='ltr'><strong>puellam:</strong></span> 
     </span>
     <span class='ocr_line' id='line_1_4' title="bbox 305 485 1571 560; baseline -0.003 -12"><span class='ocrx_word' id='word_1_13' title='bbox 305 506 503 548; x_wconf 75' lang='lat' dir='ltr'><strong>tantum</strong></span> <span class='ocrx_word' id='word_1_14' title='bbox 528 497 582 546; x_wconf 91' lang='lat' dir='ltr'><strong>in</strong></span> <span class='ocrx_word' id='word_1_15' title='bbox 609 512 783 545; x_wconf 85' lang='lat' dir='ltr'><strong>amore</strong></span> <span class='ocrx_word' id='word_1_16' title='bbox 807 510 986 560; x_wconf 79' lang='lat' dir='ltr'><strong>preces</strong></span> <span class='ocrx_word' id='word_1_17' title='bbox 1015 503 1063 543; x_wconf 91' lang='lat' dir='ltr'><strong>et</strong></span> <span class='ocrx_word' id='word_1_18' title='bbox 1088 496 1358 546; x_wconf 83' lang='lat' dir='ltr'><strong>benefacta</strong></span> <span class='ocrx_word' id='word_1_19' title='bbox 1372 485 1571 544; x_wconf 78' lang='lat' dir='ltr'><strong>&#39;valent.</strong></span> 
     </span>
     <span class='ocr_line' id='line_1_5' title="bbox 232 585 1479 660; baseline -0.002 -26"><span class='ocrx_word' id='word_1_20' title='bbox 232 586 286 634; x_wconf 88' lang='lat' dir='ltr'><strong>in</strong></span> <span class='ocrx_word' id='word_1_21' title='bbox 313 600 394 634; x_wconf 90' lang='lat' dir='ltr'><strong>me</strong></span> <span class='ocrx_word' id='word_1_22' title='bbox 418 586 593 634; x_wconf 72' lang='lat' dir='ltr'><strong>tardus</strong></span> <span class='ocrx_word' id='word_1_23' title='bbox 619 587 783 634; x_wconf 88' lang='lat' dir='ltr'><strong>Amor</strong></span> <span class='ocrx_word' id='word_1_24' title='bbox 808 599 913 632; x_wconf 90' lang='lat' dir='ltr'><strong>non</strong></span> <span class='ocrx_word' id='word_1_25' title='bbox 939 586 1073 632; x_wconf 79' lang='lat' dir='ltr'><strong>ullas</strong></span> <span class='ocrx_word' id='word_1_26' title='bbox 1103 585 1295 646; x_wconf 83' lang='lat' dir='ltr'><strong>cogitat</strong></span> <span class='ocrx_word' id='word_1_27' title='bbox 1321 591 1479 660; x_wconf 50' lang='lat' dir='ltr'><strong>artes‘</strong></span> 
     </span>
     <span class='ocr_line' id='line_1_6' title="bbox 301 672 1379 735; baseline -0.002 -13"><span class='ocrx_word' id='word_1_28' title='bbox 301 689 398 722; x_wconf 86' lang='lat' dir='ltr'><strong>nec</strong></span> <span class='ocrx_word' id='word_1_29' title='bbox 421 674 652 723; x_wconf 86' lang='lat' dir='ltr'><strong>meminit</strong></span> <span class='ocrx_word' id='word_1_30' title='bbox 677 682 845 733; x_wconf 84' lang='lat' dir='ltr'><strong>notas,</strong></span> <span class='ocrx_word' id='word_1_31' title='bbox 877 681 934 721; x_wconf 91' lang='lat' dir='ltr'><strong>ut</strong></span> <span class='ocrx_word' id='word_1_32' title='bbox 958 673 1119 735; x_wconf 75' lang='lat' dir='ltr'><strong>ptine,</strong></span> <span class='ocrx_word' id='word_1_33' title='bbox 1153 673 1227 721; x_wconf 78' lang='lat' dir='ltr'><strong>ire</strong></span> <span class='ocrx_word' id='word_1_34' title='bbox 1254 672 1379 722; x_wconf 77' lang='lat' dir='ltr'><strong>viae.</strong></span> 
     </span>
     <span class='ocr_line' id='line_1_7' title="bbox 231 761 1423 836; baseline -0.003 -24"><span class='ocrx_word' id='word_1_35' title='bbox 231 769 283 812; x_wconf 75' lang='lat' dir='ltr'><strong>at</strong></span> <span class='ocrx_word' id='word_1_36' title='bbox 307 778 416 823; x_wconf 74' lang='lat' dir='ltr'><strong>voe,</strong></span> <span class='ocrx_word' id='word_1_37' title='bbox 449 762 696 811; x_wconf 79' lang='lat' dir='ltr'><strong>deductae</strong></span> <span class='ocrx_word' id='word_1_38' title='bbox 721 763 905 825; x_wconf 91' lang='lat' dir='ltr'><strong>quibus</strong></span> <span class='ocrx_word' id='word_1_39' title='bbox 934 769 1010 811; x_wconf 84' lang='lat' dir='ltr'><strong>est</strong></span> <span class='ocrx_word' id='word_1_40' title='bbox 1037 761 1243 811; x_wconf 83' lang='lat' dir='ltr'><strong>fallacia</strong></span> <span class='ocrx_word' id='word_1_41' title='bbox 1268 761 1423 836; x_wconf 49' lang='lat' dir='ltr'><strong>lunge</strong></span> 
     </span>
    </p>
   </div>
   <div class='ocr_carea' id='block_1_3' title="bbox 129 849 1719 1089">
    <p class='ocr_par' dir='ltr' id='par_1_3' title="bbox 129 849 1719 1089">
     <span class='ocr_line' id='line_1_8' title="bbox 129 849 1557 913; baseline -0.002 -14"><span class='ocrx_word' id='word_1_42' title='bbox 129 859 188 900; x_wconf 83' lang='lat'><strong>20</strong></span> <span class='ocrx_word' id='word_1_43' title='bbox 303 860 353 900; x_wconf 86' lang='lat' dir='ltr'><strong>et</strong></span> <span class='ocrx_word' id='word_1_44' title='bbox 376 852 526 901; x_wconf 85' lang='lat' dir='ltr'><strong>labor</strong></span> <span class='ocrx_word' id='word_1_45' title='bbox 551 852 605 899; x_wconf 91' lang='lat' dir='ltr'><strong>iu</strong></span> <span class='ocrx_word' id='word_1_46' title='bbox 629 851 843 913; x_wconf 82' lang='lat' dir='ltr'><strong>magicis</strong></span> <span class='ocrx_word' id='word_1_47' title='bbox 871 865 1019 898; x_wconf 81' lang='lat' dir='ltr'><strong>sacra</strong></span> <span class='ocrx_word' id='word_1_48' title='bbox 1045 850 1186 912; x_wconf 85' lang='lat' dir='ltr'><strong>piare</strong></span> <span class='ocrx_word' id='word_1_49' title='bbox 1213 849 1361 908; x_wconf 82' lang='lat' dir='ltr'><strong>focis,</strong></span> <span class='ocrx_word' id='word_1_50' title='bbox 1534 873 1557 896; x_wconf 71' lang='grc' dir='ltr'><strong>ιι</strong></span> 
     </span>
     <span class='ocr_line' id='line_1_9' title="bbox 231 926 1691 1002; baseline -0.001 -15"><span class='ocrx_word' id='word_1_51' title='bbox 231 953 296 988; x_wconf 89' lang='lat' dir='ltr'><strong>en</strong></span> <span class='ocrx_word' id='word_1_52' title='bbox 321 939 542 1002; x_wconf 82' lang='lat' dir='ltr'><strong>agedum</strong></span> <span class='ocrx_word' id='word_1_53' title='bbox 567 939 808 987; x_wconf 85' lang='lat' dir='ltr'><strong>dominae</strong></span> <span class='ocrx_word' id='word_1_54' title='bbox 834 948 1057 986; x_wconf 87' lang='lat' dir='ltr'><strong>mentem</strong></span> <span class='ocrx_word' id='word_1_55' title='bbox 1083 937 1365 986; x_wconf 87' lang='lat' dir='ltr'><strong>convertite</strong></span> <span class='ocrx_word' id='word_1_56' title='bbox 1391 941 1614 996; x_wconf 72' lang='lat' dir='ltr'><strong>nostrae,</strong></span> <span class='ocrx_word' id='word_1_57' title='bbox 1684 926 1691 931; x_wconf 57' lang='grc'><em>’</em></span> 
     </span>
     <span class='ocr_line' id='line_1_10' title="bbox 302 999 1719 1089; baseline -0.002 -13"><span class='ocrx_word' id='word_1_58' title='bbox 302 1035 352 1076; x_wconf 93' lang='lat' dir='ltr'><strong>et</strong></span> <span class='ocrx_word' id='word_1_59' title='bbox 375 1027 528 1076; x_wconf 83' lang='lat' dir='ltr'><strong>facite</strong></span> <span class='ocrx_word' id='word_1_60' title='bbox 554 1028 647 1076; x_wconf 82' lang='lat' dir='ltr'><strong>illa</strong></span> <span class='ocrx_word' id='word_1_61' title='bbox 670 1039 788 1075; x_wconf 88' lang='lat' dir='ltr'><strong>meo</strong></span> <span class='ocrx_word' id='word_1_62' title='bbox 816 1026 1008 1089; x_wconf 75' lang='lat' dir='ltr'><strong>palleat</strong></span> <span class='ocrx_word' id='word_1_63' title='bbox 1035 1040 1123 1073; x_wconf 90' lang='lat' dir='ltr'><strong>ore</strong></span> <span class='ocrx_word' id='word_1_64' title='bbox 1148 1025 1329 1087; x_wconf 85' lang='lat' dir='ltr'><strong>magis.</strong></span> <span class='ocrx_word' id='word_1_65' title='bbox 1518 1017 1531 1029; x_wconf 73' lang='lat'><strong><em>¹</em></strong></span> <span class='ocrx_word' id='word_1_66' title='bbox 1602 1035 1633 1058; x_wconf 72' lang='lat'><strong>⁴*</strong></span> <span class='ocrx_word' id='word_1_67' title='bbox 1662 999 1691 1024; x_wconf 36' lang='grc' dir='ltr'>ι</span> <span class='ocrx_word' id='word_1_68' title='bbox 1708 1039 1719 1056; x_wconf 86' lang='grc'><em>·</em></span> 
     </span>
    </p>
   </div>
   <div class='ocr_carea' id='block_1_4' title="bbox 122 1114 1691 2523">
    <p class='ocr_par' dir='ltr' id='par_1_4' title="bbox 122 1114 1691 2523">
     <span class='ocr_line' id='line_1_11' title="bbox 230 1114 1522 1178; baseline -0.003 -13"><span class='ocrx_word' id='word_1_69' title='bbox 230 1124 355 1165; x_wconf 86' lang='lat' dir='ltr'><strong>tunc</strong></span> <span class='ocrx_word' id='word_1_70' title='bbox 380 1130 475 1178; x_wconf 85' lang='lat' dir='ltr'><strong>ego</strong></span> <span class='ocrx_word' id='word_1_71' title='bbox 501 1115 801 1164; x_wconf 84' lang='lat' dir='ltr'><strong>crediderim</strong></span> <span class='ocrx_word' id='word_1_72' title='bbox 827 1115 970 1162; x_wconf 88' lang='lat' dir='ltr'><strong>vobis</strong></span> <span class='ocrx_word' id='word_1_73' title='bbox 1001 1122 1051 1162; x_wconf 87' lang='lat' dir='ltr'><strong>et</strong></span> <span class='ocrx_word' id='word_1_74' title='bbox 1077 1114 1244 1162; x_wconf 85' lang='lat' dir='ltr'><strong>sidera</strong></span> <span class='ocrx_word' id='word_1_75' title='bbox 1271 1122 1322 1162; x_wconf 85' lang='lat' dir='ltr'><strong>et</strong></span> <span class='ocrx_word' id='word_1_76' title='bbox 1344 1128 1522 1162; x_wconf 84' lang='lat' dir='ltr'><strong>amnes</strong></span> 
     </span>
     <span class='ocr_line' id='line_1_12' title="bbox 301 1202 1293 1268; baseline -0.002 -16"><span class='ocrx_word' id='word_1_77' title='bbox 301 1219 454 1268; x_wconf 86' lang='lat' dir='ltr'><strong>posse</strong></span> <span class='ocrx_word' id='word_1_78' title='bbox 480 1203 723 1265; x_wconf 80' lang='lat' dir='ltr'><strong>Cytaines</strong></span> <span class='ocrx_word' id='word_1_79' title='bbox 751 1204 937 1252; x_wconf 91' lang='lat' dir='ltr'><strong>ducere</strong></span> <span class='ocrx_word' id='word_1_80' title='bbox 966 1202 1293 1252; x_wconf 67' lang='lat' dir='ltr'><strong>carminibus⁴</strong></span> 
     </span>
     <span class='ocr_line' id='line_1_13' title="bbox 127 1291 1436 1355; baseline -0.002 -15"><span class='ocrx_word' id='word_1_81' title='bbox 127 1301 188 1341; x_wconf 81' lang='lat'><strong>25</strong></span> <span class='ocrx_word' id='word_1_82' title='bbox 229 1300 318 1342; x_wconf 84' lang='lat' dir='ltr'><strong>aut</strong></span> <span class='ocrx_word' id='word_1_83' title='bbox 342 1307 450 1352; x_wconf 83' lang='lat' dir='ltr'><strong>vos,</strong></span> <span class='ocrx_word' id='word_1_84' title='bbox 483 1292 571 1355; x_wconf 91' lang='lat' dir='ltr'><strong>qui</strong></span> <span class='ocrx_word' id='word_1_85' title='bbox 597 1306 711 1341; x_wconf 88' lang='lat' dir='ltr'><strong>sero</strong></span> <span class='ocrx_word' id='word_1_86' title='bbox 739 1292 941 1355; x_wconf 83' lang='lat' dir='ltr'><strong>lapsum</strong></span> <span class='ocrx_word' id='word_1_87' title='bbox 969 1292 1234 1350; x_wconf 78' lang='lat' dir='ltr'><strong>revocatis,</strong></span> <span class='ocrx_word' id='word_1_88' title='bbox 1268 1291 1436 1350; x_wconf 82' lang='lat' dir='ltr'><strong>amici,</strong></span> 
     </span>
     <span class='ocr_line' id='line_1_14' title="bbox 301 1380 1289 1444; baseline -0.002 -15"><span class='ocrx_word' id='word_1_89' title='bbox 301 1380 530 1444; x_wconf 74' lang='lat' dir='ltr'><strong>quaerite</strong></span> <span class='ocrx_word' id='word_1_90' title='bbox 555 1396 660 1429; x_wconf 91' lang='lat' dir='ltr'><strong>non</strong></span> <span class='ocrx_word' id='word_1_91' title='bbox 689 1381 802 1428; x_wconf 86' lang='lat' dir='ltr'><strong>sani</strong></span> <span class='ocrx_word' id='word_1_92' title='bbox 828 1381 1050 1444; x_wconf 83' lang='lat' dir='ltr'><strong>pectoris</strong></span> <span class='ocrx_word' id='word_1_93' title='bbox 1078 1380 1289 1428; x_wconf 83' lang='lat' dir='ltr'><strong>auxilia.</strong></span> 
     </span>
     <span class='ocr_line' id='line_1_15' title="bbox 225 1468 1487 1533; baseline -0.001 -14"><span class='ocrx_word' id='word_1_94' title='bbox 225 1468 426 1519; x_wconf 66' lang='lat' dir='ltr'><strong>fortiter</strong></span> <span class='ocrx_word' id='word_1_95' title='bbox 450 1478 502 1519; x_wconf 89' lang='lat' dir='ltr'><strong>et</strong></span> <span class='ocrx_word' id='word_1_96' title='bbox 526 1469 732 1529; x_wconf 84' lang='lat' dir='ltr'><strong>ferrum,</strong></span> <span class='ocrx_word' id='word_1_97' title='bbox 766 1483 942 1519; x_wconf 84' lang='lat' dir='ltr'><strong>saevos</strong></span> <span class='ocrx_word' id='word_1_98' title='bbox 970 1469 1224 1533; x_wconf 85' lang='lat' dir='ltr'><strong>patiemur</strong></span> <span class='ocrx_word' id='word_1_99' title='bbox 1250 1476 1300 1518; x_wconf 88' lang='lat' dir='ltr'><strong>et</strong></span> <span class='ocrx_word' id='word_1_100' title='bbox 1322 1469 1487 1531; x_wconf 84' lang='lat' dir='ltr'><strong>igncS,</strong></span> 
     </span>
     <span class='ocr_line' id='line_1_16' title="bbox 298 1558 1379 1622; baseline 0 -16"><span class='ocrx_word' id='word_1_101' title='bbox 298 1559 365 1607; x_wconf 76' lang='lat' dir='ltr'><strong>sit</strong></span> <span class='ocrx_word' id='word_1_102' title='bbox 390 1559 542 1607; x_wconf 90' lang='lat' dir='ltr'><strong>modo</strong></span> <span class='ocrx_word' id='word_1_103' title='bbox 569 1559 779 1607; x_wconf 82' lang='lat' dir='ltr'><strong>libertas</strong></span> <span class='ocrx_word' id='word_1_104' title='bbox 807 1572 939 1622; x_wconf 80' lang='lat' dir='ltr'><strong>quae</strong></span> <span class='ocrx_word' id='word_1_105' title='bbox 963 1559 1087 1607; x_wconf 85' lang='lat' dir='ltr'><strong>velit</strong></span> <span class='ocrx_word' id='word_1_106' title='bbox 1104 1559 1187 1607; x_wconf 80' lang='lat' dir='ltr'><strong>ira</strong></span> <span class='ocrx_word' id='word_1_107' title='bbox 1212 1558 1379 1621; x_wconf 54' lang='lat' dir='ltr'><strong>loqui*</strong></span> 
     </span>
     <span class='ocr_line' id='line_1_17' title="bbox 228 1645 1691 1710; baseline -0.001 -16"><span class='ocrx_word' id='word_1_108' title='bbox 228 1647 356 1695; x_wconf 87' lang='lat' dir='ltr'><strong>ferte</strong></span> <span class='ocrx_word' id='word_1_109' title='bbox 382 1661 474 1710; x_wconf 89' lang='lat' dir='ltr'><strong>per</strong></span> <span class='ocrx_word' id='word_1_110' title='bbox 497 1656 748 1695; x_wconf 76' lang='lat' dir='ltr'><strong>extremas</strong></span> <span class='ocrx_word' id='word_1_111' title='bbox 776 1655 953 1709; x_wconf 85' lang='lat' dir='ltr'><strong>gentes</strong></span> <span class='ocrx_word' id='word_1_112' title='bbox 983 1655 1033 1695; x_wconf 93' lang='lat' dir='ltr'><strong>et</strong></span> <span class='ocrx_word' id='word_1_113' title='bbox 1057 1647 1185 1695; x_wconf 90' lang='lat' dir='ltr'><strong>ferte</strong></span> <span class='ocrx_word' id='word_1_114' title='bbox 1212 1661 1302 1710; x_wconf 91' lang='lat' dir='ltr'><strong>per</strong></span> <span class='ocrx_word' id='word_1_115' title='bbox 1327 1645 1510 1706; x_wconf 78' lang='lat' dir='ltr'><strong>undas,</strong></span> <span class='ocrx_word' id='word_1_116' title='bbox 1586 1666 1597 1673; x_wconf 83' lang='lat'><em>-</em></span> <span class='ocrx_word' id='word_1_117' title='bbox 1680 1654 1691 1665; x_wconf 88' lang='lat'><strong>·</strong></span> 
     </span>
     <span class='ocr_line' id='line_1_18' title="bbox 126 1735 1381 1798; baseline -0.001 -14"><span class='ocrx_word' id='word_1_118' title='bbox 126 1742 187 1784; x_wconf 83' lang='lat'><strong>30</strong></span> <span class='ocrx_word' id='word_1_119' title='bbox 301 1751 404 1798; x_wconf 86' lang='lat' dir='ltr'><strong>qua</strong></span> <span class='ocrx_word' id='word_1_120' title='bbox 429 1751 534 1783; x_wconf 89' lang='lat' dir='ltr'><strong>non</strong></span> <span class='ocrx_word' id='word_1_121' title='bbox 560 1735 670 1782; x_wconf 84' lang='lat' dir='ltr'><strong>ulla</strong></span> <span class='ocrx_word' id='word_1_122' title='bbox 692 1750 865 1783; x_wconf 89' lang='lat' dir='ltr'><strong>meum</strong></span> <span class='ocrx_word' id='word_1_123' title='bbox 889 1735 1085 1784; x_wconf 82' lang='lat' dir='ltr'><strong>femina</strong></span> <span class='ocrx_word' id='word_1_124' title='bbox 1109 1736 1246 1784; x_wconf 87' lang='lat' dir='ltr'><strong>norit</strong></span> <span class='ocrx_word' id='word_1_125' title='bbox 1269 1736 1381 1783; x_wconf 80' lang='lat' dir='ltr'><strong>iter.</strong></span> 
     </span>
     <span class='ocr_line' id='line_1_19' title="bbox 227 1823 1528 1885; baseline -0.001 -13"><span class='ocrx_word' id='word_1_126' title='bbox 227 1839 316 1872; x_wconf 79' lang='lat' dir='ltr'><strong>vos</strong></span> <span class='ocrx_word' id='word_1_127' title='bbox 344 1831 620 1882; x_wconf 84' lang='lat' dir='ltr'><strong>remanete,</strong></span> <span class='ocrx_word' id='word_1_128' title='bbox 650 1823 836 1885; x_wconf 85' lang='lat' dir='ltr'><strong>quibus</strong></span> <span class='ocrx_word' id='word_1_129' title='bbox 863 1824 1004 1871; x_wconf 79' lang='lat' dir='ltr'><strong>facili</strong></span> <span class='ocrx_word' id='word_1_130' title='bbox 1031 1823 1156 1872; x_wconf 87' lang='lat' dir='ltr'><strong>deus</strong></span> <span class='ocrx_word' id='word_1_131' title='bbox 1178 1825 1362 1873; x_wconf 78' lang='lat' dir='ltr'><strong>adnuit</strong></span> <span class='ocrx_word' id='word_1_132' title='bbox 1387 1837 1528 1884; x_wconf 82' lang='lat' dir='ltr'><strong>aure,</strong></span> 
     </span>
     <span class='ocr_line' id='line_1_20' title="bbox 300 1912 1326 1975; baseline 0.001 -15"><span class='ocrx_word' id='word_1_133' title='bbox 300 1912 410 1960; x_wconf 84' lang='lat' dir='ltr'><strong>sitis</strong></span> <span class='ocrx_word' id='word_1_134' title='bbox 439 1920 489 1961; x_wconf 89' lang='lat' dir='ltr'><strong>et</strong></span> <span class='ocrx_word' id='word_1_135' title='bbox 512 1912 568 1960; x_wconf 87' lang='lat' dir='ltr'><strong>in</strong></span> <span class='ocrx_word' id='word_1_136' title='bbox 595 1918 705 1959; x_wconf 90' lang='lat' dir='ltr'><strong>tuto</strong></span> <span class='ocrx_word' id='word_1_137' title='bbox 733 1925 934 1974; x_wconf 90' lang='lat' dir='ltr'><strong>semper</strong></span> <span class='ocrx_word' id='word_1_138' title='bbox 958 1926 1134 1961; x_wconf 84' lang='lat' dir='ltr'><strong>amore</strong></span> <span class='ocrx_word' id='word_1_139' title='bbox 1159 1927 1326 1975; x_wconf 75' lang='lat' dir='ltr'><strong>pares,</strong></span> 
     </span>
     <span class='ocr_line' id='line_1_21' title="bbox 221 2001 1468 2061; baseline 0.001 -12"><span class='ocrx_word' id='word_1_140' title='bbox 221 2001 275 2049; x_wconf 87' lang='lat' dir='ltr'><strong>in</strong></span> <span class='ocrx_word' id='word_1_141' title='bbox 303 2015 383 2049; x_wconf 97' lang='lat' dir='ltr'><strong>me</strong></span> <span class='ocrx_word' id='word_1_142' title='bbox 408 2009 586 2050; x_wconf 81' lang='lat' dir='ltr'><strong>nostra</strong></span> <span class='ocrx_word' id='word_1_143' title='bbox 611 2001 789 2053; x_wconf 67' lang='lat' dir='ltr'><strong>Venus</strong></span> <span class='ocrx_word' id='word_1_144' title='bbox 816 2007 995 2049; x_wconf 85' lang='lat' dir='ltr'><strong>noctes</strong></span> <span class='ocrx_word' id='word_1_145' title='bbox 1023 2009 1226 2049; x_wconf 82' lang='lat' dir='ltr'><strong>exercet</strong></span> <span class='ocrx_word' id='word_1_146' title='bbox 1249 2016 1468 2061; x_wconf 80' lang='lat' dir='ltr'><strong>amaras,</strong></span> 
     </span>
     <span class='ocr_line' id='line_1_22' title="bbox 296 2089 1323 2151; baseline 0 -13"><span class='ocrx_word' id='word_1_147' title='bbox 296 2099 345 2138; x_wconf 88' lang='lat' dir='ltr'><strong>et</strong></span> <span class='ocrx_word' id='word_1_148' title='bbox 369 2089 517 2137; x_wconf 88' lang='lat' dir='ltr'><strong>nullo</strong></span> <span class='ocrx_word' id='word_1_149' title='bbox 544 2103 735 2136; x_wconf 84' lang='lat' dir='ltr'><strong>vacuus</strong></span> <span class='ocrx_word' id='word_1_150' title='bbox 764 2095 994 2151; x_wconf 83' lang='lat' dir='ltr'><strong>tempore</strong></span> <span class='ocrx_word' id='word_1_151' title='bbox 1019 2089 1138 2138; x_wconf 84' lang='lat' dir='ltr'><strong>defit</strong></span> <span class='ocrx_word' id='word_1_152' title='bbox 1161 2105 1323 2139; x_wconf 83' lang='lat' dir='ltr'><strong>amor.</strong></span> 
     </span>
     <span class='ocr_line' id='line_1_23' title="bbox 122 2177 1690 2241; baseline 0.002 -15"><span class='ocrx_word' id='word_1_153' title='bbox 122 2186 183 2228; x_wconf 80' lang='lat'><strong>35</strong></span> <span class='ocrx_word' id='word_1_154' title='bbox 225 2178 344 2236; x_wconf 89' lang='lat' dir='ltr'><strong>hoc,</strong></span> <span class='ocrx_word' id='word_1_155' title='bbox 377 2191 583 2236; x_wconf 91' lang='lat' dir='ltr'><strong>moneo,</strong></span> <span class='ocrx_word' id='word_1_156' title='bbox 614 2177 769 2225; x_wconf 82' lang='lat' dir='ltr'><strong>vitate</strong></span> <span class='ocrx_word' id='word_1_157' title='bbox 793 2177 1014 2226; x_wconf 82' lang='lat' dir='ltr'><strong>malum:</strong></span> <span class='ocrx_word' id='word_1_158' title='bbox 1061 2193 1156 2227; x_wconf 84' lang='lat' dir='ltr'><strong>sua</strong></span> <span class='ocrx_word' id='word_1_159' title='bbox 1179 2193 1437 2241; x_wconf 85' lang='lat' dir='ltr'><strong>quemque</strong></span> <span class='ocrx_word' id='word_1_160' title='bbox 1460 2187 1690 2229; x_wconf 76' lang='lat' dir='ltr'><strong>moretur</strong></span> 
     </span>
     <span class='ocr_line' id='line_1_24' title="bbox 295 2266 1484 2328; baseline 0.002 -14"><span class='ocrx_word' id='word_1_161' title='bbox 295 2281 437 2325; x_wconf 83' lang='lat' dir='ltr'><strong>cura,</strong></span> <span class='ocrx_word' id='word_1_162' title='bbox 471 2280 640 2328; x_wconf 89' lang='lat' dir='ltr'><strong>neque</strong></span> <span class='ocrx_word' id='word_1_163' title='bbox 665 2266 878 2314; x_wconf 84' lang='lat' dir='ltr'><strong>adsueto</strong></span> <span class='ocrx_word' id='word_1_164' title='bbox 905 2274 1068 2314; x_wconf 82' lang='lat' dir='ltr'><strong>mutet</strong></span> <span class='ocrx_word' id='word_1_165' title='bbox 1091 2280 1265 2316; x_wconf 83' lang='lat' dir='ltr'><strong>amore</strong></span> <span class='ocrx_word' id='word_1_166' title='bbox 1293 2267 1484 2316; x_wconf 86' lang='lat' dir='ltr'><strong>locum.</strong></span> 
     </span>
     <span class='ocr_line' id='line_1_25' title="bbox 224 2352 1505 2418; baseline 0.002 -17"><span class='ocrx_word' id='word_1_167' title='bbox 224 2355 362 2418; x_wconf 91' lang='lat' dir='ltr'><strong>quod</strong></span> <span class='ocrx_word' id='word_1_168' title='bbox 390 2354 551 2416; x_wconf 87' lang='lat' dir='ltr'><strong>siquis</strong></span> <span class='ocrx_word' id='word_1_169' title='bbox 579 2354 788 2402; x_wconf 87' lang='lat' dir='ltr'><strong>monitis</strong></span> <span class='ocrx_word' id='word_1_170' title='bbox 816 2355 990 2402; x_wconf 81' lang='lat' dir='ltr'><strong>tardas</strong></span> <span class='ocrx_word' id='word_1_171' title='bbox 1015 2352 1285 2403; x_wconf 60' lang='lat' dir='ltr'><strong>adverterit</strong></span> <span class='ocrx_word' id='word_1_172' title='bbox 1309 2360 1505 2415; x_wconf 76' lang='lat' dir='ltr'><strong>aures‚⁴.</strong></span> 
     </span>
     <span class='ocr_line' id='line_1_26' title="bbox 293 2443 1385 2523; baseline 0.002 -32"><span class='ocrx_word' id='word_1_173' title='bbox 293 2444 393 2491; x_wconf 89' lang='lat' dir='ltr'><strong>heu</strong></span> <span class='ocrx_word' id='word_1_174' title='bbox 418 2443 604 2491; x_wconf 86' lang='lat' dir='ltr'><strong>referet</strong></span> <span class='ocrx_word' id='word_1_175' title='bbox 628 2451 825 2506; x_wconf 85' lang='lat' dir='ltr'><strong>quanto</strong></span> <span class='ocrx_word' id='word_1_176' title='bbox 853 2445 1009 2523; x_wconf 53' lang='lat' dir='ltr'><strong>verbe:</strong></span> <span class='ocrx_word' id='word_1_177' title='bbox 1035 2445 1216 2493; x_wconf 88' lang='lat' dir='ltr'><strong>dolore</strong></span> <span class='ocrx_word' id='word_1_178' title='bbox 1241 2446 1385 2493; x_wconf 80' lang='lat' dir='ltr'><strong>mea!</strong></span> 
     </span>
    </p>
   </div>
   <div class='ocr_carea' id='block_1_5' title="bbox 809 2612 1128 2621">
    <p class='ocr_par' dir='ltr' id='par_1_5' title="bbox 809 2612 1128 2621">
     <span class='ocr_line' id='line_1_27' title="bbox 809 2612 1128 2621; baseline 0 379"><span class='ocrx_word' id='word_1_179' title='bbox 809 2612 1128 2621; x_wconf 95' lang='lat' dir='ltr'><strong> </strong></span> 
     </span>
    </p>
   </div>
  </div>
 </body>
</html>
