<?xml version="1.0" encoding="UTF-8"?>
<!DOCTYPE html PUBLIC "-//W3C//DTD XHTML 1.0 Transitional//EN"
    "http://www.w3.org/TR/xhtml1/DTD/xhtml1-transitional.dtd">
<html xmlns="http://www.w3.org/1999/xhtml" xml:lang="en" lang="en">
 <head>
  <title>
</title>
<meta http-equiv="Content-Type" content="text/html;charset=utf-8" />
  <meta name='ocr-system' content='tesseract 3.04.00' />
  <meta name='ocr-capabilities' content='ocr_page ocr_carea ocr_par ocr_line ocrx_word'/>
</head>
<body>
  <div class='ocr_page' id='page_1' title='image "./catullitibullip02vahlgoog_0168.png"; bbox 0 0 1942 3000; ppageno 0'>
   <div class='ocr_carea' id='block_1_1' title="bbox 256 155 1123 207">
    <p class='ocr_par' dir='ltr' id='par_1_1' title="bbox 256 155 1123 207">
     <span class='ocr_line' id='line_1_1' title="bbox 256 155 1123 207; baseline -0.007 -2"><span class='ocrx_word' id='word_1_1' title='bbox 256 156 360 207; x_wconf 72' lang='lat'><strong>158</strong></span> <span class='ocrx_word' id='word_1_2' title='bbox 879 155 1123 200; x_wconf 70' lang='lat' dir='ltr'>TIBULLI</span> 
     </span>
    </p>
   </div>
   <div class='ocr_carea' id='block_1_2' title="bbox 147 316 1745 2508">
    <p class='ocr_par' dir='ltr' id='par_1_2' title="bbox 147 316 1745 2508">
     <span class='ocr_line' id='line_1_2' title="bbox 253 316 1643 383; baseline 0.004 -20"><span class='ocrx_word' id='word_1_3' title='bbox 253 316 374 365; x_wconf 91' lang='lat' dir='ltr'><strong>hinc</strong></span> <span class='ocrx_word' id='word_1_4' title='bbox 401 316 547 365; x_wconf 86' lang='lat' dir='ltr'><strong>fletus</strong></span> <span class='ocrx_word' id='word_1_5' title='bbox 574 317 819 380; x_wconf 79' lang='lat' dir='ltr'>rixaeque</span> <span class='ocrx_word' id='word_1_6' title='bbox 843 327 1048 376; x_wconf 82' lang='lat' dir='ltr'><strong>sonant,</strong></span> <span class='ocrx_word' id='word_1_7' title='bbox 1081 319 1207 367; x_wconf 89' lang='lat' dir='ltr'><strong>haec</strong></span> <span class='ocrx_word' id='word_1_8' title='bbox 1232 320 1454 383; x_wconf 88' lang='lat' dir='ltr'><strong>denique</strong></span> <span class='ocrx_word' id='word_1_9' title='bbox 1488 335 1643 370; x_wconf 82' lang='lat' dir='ltr'><strong>causa</strong></span> 
     </span>
     <span class='ocr_line' id='line_1_3' title="bbox 326 405 1380 458; baseline 0.007 -7"><span class='ocrx_word' id='word_1_10' title='bbox 326 405 450 454; x_wconf 89' lang='lat' dir='ltr'><strong>fecit</strong></span> <span class='ocrx_word' id='word_1_11' title='bbox 473 413 529 454; x_wconf 87' lang='lat' dir='ltr'><strong>ut</strong></span> <span class='ocrx_word' id='word_1_12' title='bbox 552 406 760 455; x_wconf 85' lang='lat' dir='ltr'><strong>infamis</strong></span> <span class='ocrx_word' id='word_1_13' title='bbox 788 407 863 456; x_wconf 87' lang='lat' dir='ltr'><strong>sic</strong></span> <span class='ocrx_word' id='word_1_14' title='bbox 889 408 1013 456; x_wconf 85' lang='lat' dir='ltr'><strong>deus</strong></span> <span class='ocrx_word' id='word_1_15' title='bbox 1044 417 1176 457; x_wconf 87' lang='lat' dir='ltr'><strong>esset</strong></span> <span class='ocrx_word' id='word_1_16' title='bbox 1199 409 1380 458; x_wconf 87' lang='lat' dir='ltr'><strong>Amor.</strong></span> 
     </span>
     <span class='ocr_line' id='line_1_4' title="bbox 254 494 1529 557; baseline 0.003 -16"><span class='ocrx_word' id='word_1_17' title='bbox 254 502 308 542; x_wconf 90' lang='lat' dir='ltr'><strong>at</strong></span> <span class='ocrx_word' id='word_1_18' title='bbox 331 494 442 554; x_wconf 86' lang='lat' dir='ltr'><strong>tibi,</strong></span> <span class='ocrx_word' id='word_1_19' title='bbox 475 509 609 557; x_wconf 88' lang='lat' dir='ltr'><strong>quae</strong></span> <span class='ocrx_word' id='word_1_20' title='bbox 634 495 799 557; x_wconf 87' lang='lat' dir='ltr'><strong>pretio</strong></span> <span class='ocrx_word' id='word_1_21' title='bbox 826 496 987 543; x_wconf 85' lang='lat' dir='ltr'><strong>victos</strong></span> <span class='ocrx_word' id='word_1_22' title='bbox 1015 497 1247 545; x_wconf 77' lang='lat' dir='ltr'>excludis</span> <span class='ocrx_word' id='word_1_23' title='bbox 1282 505 1529 556; x_wconf 70' lang='lat' dir='ltr'><strong>amanteS,</strong></span> 
     </span>
     <span class='ocr_line' id='line_1_5' title="bbox 150 584 1369 649; baseline 0.002 -18"><span class='ocrx_word' id='word_1_24' title='bbox 150 591 213 631; x_wconf 85' lang='lat'><strong>40</strong></span> <span class='ocrx_word' id='word_1_25' title='bbox 328 584 549 647; x_wconf 80' lang='lat' dir='ltr'><strong>eripiant</strong></span> <span class='ocrx_word' id='word_1_26' title='bbox 573 593 744 647; x_wconf 88' lang='lat' dir='ltr'><strong>partas</strong></span> <span class='ocrx_word' id='word_1_27' title='bbox 770 593 950 633; x_wconf 85' lang='lat' dir='ltr'><strong>veut-us</strong></span> <span class='ocrx_word' id='word_1_28' title='bbox 978 592 1029 633; x_wconf 92' lang='lat' dir='ltr'><strong>et</strong></span> <span class='ocrx_word' id='word_1_29' title='bbox 1050 585 1187 647; x_wconf 85' lang='lat' dir='ltr'><strong>ignis</strong></span> <span class='ocrx_word' id='word_1_30' title='bbox 1216 601 1369 649; x_wconf 84' lang='lat' dir='ltr'><strong>opes:</strong></span> 
     </span>
     <span class='ocr_line' id='line_1_6' title="bbox 255 673 1547 737; baseline 0.002 -16"><span class='ocrx_word' id='word_1_31' title='bbox 255 673 380 735; x_wconf 92' lang='lat' dir='ltr'><strong>quin</strong></span> <span class='ocrx_word' id='word_1_32' title='bbox 407 682 496 721; x_wconf 85' lang='lat' dir='ltr'><strong>tua</strong></span> <span class='ocrx_word' id='word_1_33' title='bbox 520 682 628 721; x_wconf 88' lang='lat' dir='ltr'><strong>tum</strong></span> <span class='ocrx_word' id='word_1_34' title='bbox 653 675 864 723; x_wconf 84' lang='lat' dir='ltr'><strong>iuvenes</strong></span> <span class='ocrx_word' id='word_1_35' title='bbox 886 682 1123 737; x_wconf 78' lang='lat' dir='ltr'><strong>spectent</strong></span> <span class='ocrx_word' id='word_1_36' title='bbox 1144 675 1385 724; x_wconf 84' lang='lat' dir='ltr'><strong>incendia</strong></span> <span class='ocrx_word' id='word_1_37' title='bbox 1409 676 1547 736; x_wconf 84' lang='lat' dir='ltr'><strong>laeti,</strong></span> 
     </span>
     <span class='ocr_line' id='line_1_7' title="bbox 325 763 1621 826; baseline 0.002 -17"><span class='ocrx_word' id='word_1_38' title='bbox 325 776 422 810; x_wconf 91' lang='lat' dir='ltr'><strong>nec</strong></span> <span class='ocrx_word' id='word_1_39' title='bbox 450 763 721 825; x_wconf 90' lang='lat' dir='ltr'><strong>quisquam</strong></span> <span class='ocrx_word' id='word_1_40' title='bbox 746 763 981 811; x_wconf 83' lang='lat' dir='ltr'><strong>flammae</strong></span> <span class='ocrx_word' id='word_1_41' title='bbox 1006 763 1211 812; x_wconf 86' lang='lat' dir='ltr'><strong>sedulus</strong></span> <span class='ocrx_word' id='word_1_42' title='bbox 1238 764 1395 812; x_wconf 87' lang='lat' dir='ltr'><strong>addat</strong></span> <span class='ocrx_word' id='word_1_43' title='bbox 1417 779 1621 826; x_wconf 86' lang='lat' dir='ltr'><strong>aquam.</strong></span> 
     </span>
     <span class='ocr_line' id='line_1_8' title="bbox 254 851 1585 914; baseline 0.001 -15"><span class='ocrx_word' id='word_1_44' title='bbox 254 865 346 899; x_wconf 89' lang='lat' dir='ltr'><strong>seu</strong></span> <span class='ocrx_word' id='word_1_45' title='bbox 371 851 539 898; x_wconf 89' lang='lat' dir='ltr'><strong>veniet</strong></span> <span class='ocrx_word' id='word_1_46' title='bbox 562 851 656 899; x_wconf 90' lang='lat' dir='ltr'><strong>tibi</strong></span> <span class='ocrx_word' id='word_1_47' title='bbox 681 866 838 911; x_wconf 77' lang='lat' dir='ltr'><strong>morS,</strong></span> <span class='ocrx_word' id='word_1_48' title='bbox 872 866 967 900; x_wconf 89' lang='lat' dir='ltr'><strong>nec</strong></span> <span class='ocrx_word' id='word_1_49' title='bbox 995 851 1091 899; x_wconf 88' lang='lat' dir='ltr'><strong>erit-</strong></span> <span class='ocrx_word' id='word_1_50' title='bbox 1116 852 1204 913; x_wconf 93' lang='lat' dir='ltr'><strong>qui</strong></span> <span class='ocrx_word' id='word_1_51' title='bbox 1230 853 1408 914; x_wconf 78' lang='lat' dir='ltr'><strong>lugeat</strong></span> <span class='ocrx_word' id='word_1_52' title='bbox 1433 853 1585 912; x_wconf 67' lang='lat' dir='ltr'><strong>ullust,</strong></span> 
     </span>
     <span class='ocr_line' id='line_1_9' title="bbox 242 917 1470 1002; baseline 0.002 -16"><span class='ocrx_word' id='word_1_53' title='bbox 242 917 253 938; x_wconf 40' lang='grc' dir='ltr'><strong><em>Ξ</em></strong></span> <span class='ocrx_word' id='word_1_54' title='bbox 325 953 419 987; x_wconf 90' lang='lat' dir='ltr'><strong>nec</strong></span> <span class='ocrx_word' id='word_1_55' title='bbox 446 939 535 1001; x_wconf 90' lang='lat' dir='ltr'><strong>qui</strong></span> <span class='ocrx_word' id='word_1_56' title='bbox 561 940 647 988; x_wconf 87' lang='lat' dir='ltr'><strong>det</strong></span> <span class='ocrx_word' id='word_1_57' title='bbox 669 947 888 987; x_wconf 80' lang='lat' dir='ltr'><strong>maestas</strong></span> <span class='ocrx_word' id='word_1_58' title='bbox 913 954 1100 988; x_wconf 83' lang='lat' dir='ltr'><strong>munus</strong></span> <span class='ocrx_word' id='word_1_59' title='bbox 1126 940 1180 987; x_wconf 92' lang='lat' dir='ltr'><strong>in</strong></span> <span class='ocrx_word' id='word_1_60' title='bbox 1208 941 1470 1002; x_wconf 77' lang='lat' dir='ltr'><strong>exequias,</strong></span> 
     </span>
     <span class='ocr_line' id='line_1_10' title="bbox 149 1029 1640 1091; baseline 0.003 -16"><span class='ocrx_word' id='word_1_61' title='bbox 149 1036 211 1076; x_wconf 85' lang='lat'><strong>45</strong></span> <span class='ocrx_word' id='word_1_62' title='bbox 253 1036 307 1076; x_wconf 91' lang='lat' dir='ltr'><strong>at</strong></span> <span class='ocrx_word' id='word_1_63' title='bbox 332 1029 470 1077; x_wconf 85' lang='lat' dir='ltr'><strong>bona</strong></span> <span class='ocrx_word' id='word_1_64' title='bbox 496 1043 629 1091; x_wconf 84' lang='lat' dir='ltr'><strong>quae</strong></span> <span class='ocrx_word' id='word_1_65' title='bbox 655 1043 750 1077; x_wconf 88' lang='lat' dir='ltr'><strong>nec</strong></span> <span class='ocrx_word' id='word_1_66' title='bbox 775 1043 927 1076; x_wconf 81' lang='lat' dir='ltr'><strong>avara</strong></span> <span class='ocrx_word' id='word_1_67' title='bbox 952 1029 1064 1088; x_wconf 85' lang='lat' dir='ltr'><strong>fuit,</strong></span> <span class='ocrx_word' id='word_1_68' title='bbox 1097 1040 1303 1077; x_wconf 87' lang='lat' dir='ltr'><strong>centum</strong></span> <span class='ocrx_word' id='word_1_69' title='bbox 1329 1030 1450 1078; x_wconf 90' lang='lat' dir='ltr'><strong>licet</strong></span> <span class='ocrx_word' id='word_1_70' title='bbox 1474 1044 1640 1079; x_wconf 85' lang='lat' dir='ltr'><strong>annos</strong></span> 
     </span>
     <span class='ocr_line' id='line_1_11' title="bbox 321 1116 1421 1179; baseline 0.002 -16"><span class='ocrx_word' id='word_1_71' title='bbox 321 1116 520 1176; x_wconf 85' lang='lat' dir='ltr'><strong>vixerit,</strong></span> <span class='ocrx_word' id='word_1_72' title='bbox 553 1116 812 1164; x_wconf 84' lang='lat' dir='ltr'><strong>ardentem</strong></span> <span class='ocrx_word' id='word_1_73' title='bbox 837 1116 1039 1164; x_wconf 87' lang='lat' dir='ltr'><strong>flebitur</strong></span> <span class='ocrx_word' id='word_1_74' title='bbox 1064 1124 1185 1164; x_wconf 86' lang='lat' dir='ltr'><strong>ante</strong></span> <span class='ocrx_word' id='word_1_75' title='bbox 1211 1131 1421 1179; x_wconf 82' lang='lat' dir='ltr'><strong>rogum:</strong></span> 
     </span>
     <span class='ocr_line' id='line_1_12' title="bbox 251 1205 1583 1267; baseline 0.002 -14"><span class='ocrx_word' id='word_1_76' title='bbox 251 1212 407 1267; x_wconf 86' lang='lat' dir='ltr'><strong>atque</strong></span> <span class='ocrx_word' id='word_1_77' title='bbox 433 1205 617 1267; x_wconf 85' lang='lat' dir='ltr'><strong>aliquis</strong></span> <span class='ocrx_word' id='word_1_78' title='bbox 644 1206 815 1253; x_wconf 89' lang='lat' dir='ltr'><strong>senior</strong></span> <span class='ocrx_word' id='word_1_79' title='bbox 839 1214 1033 1254; x_wconf 87' lang='lat' dir='ltr'><strong>veteres</strong></span> <span class='ocrx_word' id='word_1_80' title='bbox 1060 1214 1326 1254; x_wconf 85' lang='lat' dir='ltr'><strong>veneratus</strong></span> <span class='ocrx_word' id='word_1_81' title='bbox 1354 1221 1583 1255; x_wconf 60' lang='lat' dir='ltr'><strong>amoresv</strong></span> 
     </span>
     <span class='ocr_line' id='line_1_13' title="bbox 323 1294 1366 1344; baseline 0.002 -4"><span class='ocrx_word' id='word_1_82' title='bbox 323 1308 500 1341; x_wconf 86' lang='lat' dir='ltr'><strong>annua</strong></span> <span class='ocrx_word' id='word_1_83' title='bbox 525 1302 818 1342; x_wconf 84' lang='lat' dir='ltr'><strong>constructo</strong></span> <span class='ocrx_word' id='word_1_84' title='bbox 845 1301 979 1342; x_wconf 77' lang='lat' dir='ltr'><strong>serta</strong></span> <span class='ocrx_word' id='word_1_85' title='bbox 1003 1294 1143 1343; x_wconf 87' lang='lat' dir='ltr'><strong>dabit</strong></span> <span class='ocrx_word' id='word_1_86' title='bbox 1166 1295 1366 1344; x_wconf 88' lang='lat' dir='ltr'><strong>tumulo</strong></span> 
     </span>
     <span class='ocr_line' id='line_1_14' title="bbox 253 1381 1571 1447; baseline 0.002 -17"><span class='ocrx_word' id='word_1_87' title='bbox 253 1390 303 1430; x_wconf 89' lang='lat' dir='ltr'><strong>et</strong></span> <span class='ocrx_word' id='word_1_88' title='bbox 326 1382 492 1430; x_wconf 84' lang='lat' dir='ltr'><strong>‘bene&#39;</strong></span> <span class='ocrx_word' id='word_1_89' title='bbox 517 1382 782 1431; x_wconf 82' lang='lat' dir='ltr'><strong>discedens</strong></span> <span class='ocrx_word' id='word_1_90' title='bbox 810 1382 946 1431; x_wconf 89' lang='lat' dir='ltr'><strong>dicet</strong></span> <span class='ocrx_word' id='word_1_91' title='bbox 968 1381 1290 1446; x_wconf 84' lang='lat' dir='ltr'><strong>‘placideque</strong></span> <span class='ocrx_word' id='word_1_92' title='bbox 1316 1384 1571 1447; x_wconf 73' lang='lat' dir='ltr'><strong>quiesca8‚</strong></span> 
     </span>
     <span class='ocr_line' id='line_1_15' title="bbox 150 1470 1400 1535; baseline 0.001 -16"><span class='ocrx_word' id='word_1_93' title='bbox 150 1477 210 1527; x_wconf 68' lang='lat'><strong>50</strong></span> <span class='ocrx_word' id='word_1_94' title='bbox 324 1476 559 1533; x_wconf 86' lang='lat' dir='ltr'><strong>terraque</strong></span> <span class='ocrx_word' id='word_1_95' title='bbox 585 1483 797 1519; x_wconf 85' lang='lat' dir='ltr'><strong>securae</strong></span> <span class='ocrx_word' id='word_1_96' title='bbox 821 1470 887 1520; x_wconf 89' lang='lat' dir='ltr'><strong>sit</strong></span> <span class='ocrx_word' id='word_1_97' title='bbox 911 1485 1066 1535; x_wconf 88' lang='lat' dir='ltr'><strong>super</strong></span> <span class='ocrx_word' id='word_1_98' title='bbox 1091 1486 1210 1521; x_wconf 85' lang='lat' dir='ltr'><strong>ossa</strong></span> <span class='ocrx_word' id='word_1_99' title='bbox 1234 1472 1400 1522; x_wconf 61' lang='lat' dir='ltr'><strong>levis!</strong></span> 
     </span>
     <span class='ocr_line' id='line_1_16' title="bbox 252 1559 1671 1625; baseline 0.004 -19"><span class='ocrx_word' id='word_1_100' title='bbox 252 1573 371 1606; x_wconf 85' lang='lat' dir='ltr'><strong>vera</strong></span> <span class='ocrx_word' id='word_1_101' title='bbox 397 1559 601 1621; x_wconf 83' lang='lat' dir='ltr'><strong>quidem</strong></span> <span class='ocrx_word' id='word_1_102' title='bbox 625 1574 830 1620; x_wconf 89' lang='lat' dir='ltr'><strong>moneo,</strong></span> <span class='ocrx_word' id='word_1_103' title='bbox 863 1561 951 1609; x_wconf 83' lang='lat' dir='ltr'><strong>sed</strong></span> <span class='ocrx_word' id='word_1_104' title='bbox 978 1569 1197 1624; x_wconf 84' lang='lat' dir='ltr'><strong>prosunt</strong></span> <span class='ocrx_word' id='word_1_105' title='bbox 1220 1562 1342 1625; x_wconf 92' lang='lat' dir='ltr'><strong>quid</strong></span> <span class='ocrx_word' id='word_1_106' title='bbox 1367 1562 1490 1610; x_wconf 89' lang='lat' dir='ltr'><strong>mihi</strong></span> <span class='ocrx_word' id='word_1_107' title='bbox 1517 1562 1671 1611; x_wconf 79' lang='lat' dir='ltr'><strong>vera?</strong></span> 
     </span>
     <span class='ocr_line' id='line_1_17' title="bbox 320 1648 1354 1711; baseline 0.003 -16"><span class='ocrx_word' id='word_1_108' title='bbox 320 1648 460 1696; x_wconf 88' lang='lat' dir='ltr'><strong>illius</strong></span> <span class='ocrx_word' id='word_1_109' title='bbox 486 1656 563 1696; x_wconf 82' lang='lat' dir='ltr'><strong>est</strong></span> <span class='ocrx_word' id='word_1_110' title='bbox 587 1649 741 1696; x_wconf 87' lang='lat' dir='ltr'><strong>nobis</strong></span> <span class='ocrx_word' id='word_1_111' title='bbox 763 1649 879 1711; x_wconf 88' lang='lat' dir='ltr'><strong>lege</strong></span> <span class='ocrx_word' id='word_1_112' title='bbox 904 1651 1151 1698; x_wconf 88' lang='lat' dir='ltr'><strong>colendus</strong></span> <span class='ocrx_word' id='word_1_113' title='bbox 1175 1651 1354 1699; x_wconf 88' lang='lat' dir='ltr'><strong>Amor.</strong></span> 
     </span>
     <span class='ocr_line' id='line_1_18' title="bbox 252 1736 1445 1800; baseline 0.005 -18"><span class='ocrx_word' id='word_1_114' title='bbox 252 1736 377 1798; x_wconf 91' lang='lat' dir='ltr'><strong>quin</strong></span> <span class='ocrx_word' id='word_1_115' title='bbox 406 1736 559 1784; x_wconf 89' lang='lat' dir='ltr'><strong>etiam</strong></span> <span class='ocrx_word' id='word_1_116' title='bbox 585 1737 728 1784; x_wconf 88' lang='lat' dir='ltr'><strong>sedes</strong></span> <span class='ocrx_word' id='word_1_117' title='bbox 756 1737 933 1785; x_wconf 87' lang='lat' dir='ltr'><strong>iubeat</strong></span> <span class='ocrx_word' id='word_1_118' title='bbox 956 1738 998 1785; x_wconf 81' lang='lat' dir='ltr'><strong>si</strong></span> <span class='ocrx_word' id='word_1_119' title='bbox 1027 1740 1241 1787; x_wconf 84' lang='lat' dir='ltr'><strong>vendere</strong></span> <span class='ocrx_word' id='word_1_120' title='bbox 1266 1739 1445 1800; x_wconf 80' lang='lat' dir='ltr'><strong>avitae,</strong></span> 
     </span>
     <span class='ocr_line' id='line_1_19' title="bbox 321 1825 1465 1890; baseline 0.005 -19"><span class='ocrx_word' id='word_1_121' title='bbox 321 1825 391 1872; x_wconf 86' lang='lat' dir='ltr'><strong>ite</strong></span> <span class='ocrx_word' id='word_1_122' title='bbox 417 1825 510 1872; x_wconf 87' lang='lat' dir='ltr'><strong>sub</strong></span> <span class='ocrx_word' id='word_1_123' title='bbox 537 1826 808 1888; x_wconf 85' lang='lat' dir='ltr'><strong>imperium</strong></span> <span class='ocrx_word' id='word_1_124' title='bbox 833 1828 926 1875; x_wconf 85' lang='lat' dir='ltr'><strong>sub</strong></span> <span class='ocrx_word' id='word_1_125' title='bbox 955 1828 1280 1890; x_wconf 87' lang='lat' dir='ltr'><strong>titulumque,</strong></span> <span class='ocrx_word' id='word_1_126' title='bbox 1313 1829 1465 1877; x_wconf 76' lang='lat' dir='ltr'><strong>lareS.</strong></span> 
     </span>
     <span class='ocr_line' id='line_1_20' title="bbox 149 1912 1582 1979; baseline 0.004 -19"><span class='ocrx_word' id='word_1_127' title='bbox 149 1922 208 1961; x_wconf 85' lang='lat'><strong>55</strong></span> <span class='ocrx_word' id='word_1_128' title='bbox 251 1912 496 1976; x_wconf 90' lang='lat' dir='ltr'><strong>quidquid</strong></span> <span class='ocrx_word' id='word_1_129' title='bbox 522 1914 674 1962; x_wconf 88' lang='lat' dir='ltr'><strong>habet</strong></span> <span class='ocrx_word' id='word_1_130' title='bbox 698 1914 862 1975; x_wconf 86' lang='lat' dir='ltr'><strong>Circe,</strong></span> <span class='ocrx_word' id='word_1_131' title='bbox 897 1917 1146 1979; x_wconf 90' lang='lat' dir='ltr'><strong>quidquid</strong></span> <span class='ocrx_word' id='word_1_132' title='bbox 1174 1918 1356 1967; x_wconf 85' lang='lat' dir='ltr'><strong>Medea</strong></span> <span class='ocrx_word' id='word_1_133' title='bbox 1381 1919 1582 1977; x_wconf 86' lang='lat' dir='ltr'><strong>veneni,</strong></span> 
     </span>
     <span class='ocr_line' id='line_1_21' title="bbox 322 2001 1547 2067; baseline 0.004 -19"><span class='ocrx_word' id='word_1_134' title='bbox 322 2001 570 2064; x_wconf 86' lang='lat' dir='ltr'><strong>quidquid</strong></span> <span class='ocrx_word' id='word_1_135' title='bbox 598 2010 648 2049; x_wconf 91' lang='lat' dir='ltr'><strong>et</strong></span> <span class='ocrx_word' id='word_1_136' title='bbox 672 2001 944 2051; x_wconf 87' lang='lat' dir='ltr'><strong>herbarum</strong></span> <span class='ocrx_word' id='word_1_137' title='bbox 967 2005 1218 2053; x_wconf 83' lang='lat' dir='ltr'><strong>Thessala</strong></span> <span class='ocrx_word' id='word_1_138' title='bbox 1241 2014 1376 2055; x_wconf 83' lang='lat' dir='ltr'><strong>terra</strong></span> <span class='ocrx_word' id='word_1_139' title='bbox 1400 2006 1547 2067; x_wconf 85' lang='lat' dir='ltr'><strong>gerit,</strong></span> 
     </span>
     <span class='ocr_line' id='line_1_22' title="bbox 252 2091 1745 2157; baseline 0.004 -19"><span class='ocrx_word' id='word_1_140' title='bbox 252 2099 301 2139; x_wconf 89' lang='lat' dir='ltr'><strong>et</strong></span> <span class='ocrx_word' id='word_1_141' title='bbox 327 2091 465 2154; x_wconf 88' lang='lat' dir='ltr'><strong>quod</strong></span> <span class='ocrx_word' id='word_1_142' title='bbox 482 2127 495 2150; x_wconf 88' lang='lat'><strong><em>,</em></strong></span> <span class='ocrx_word' id='word_1_143' title='bbox 538 2091 628 2139; x_wconf 92' lang='lat' dir='ltr'><strong>ubi</strong></span> <span class='ocrx_word' id='word_1_144' title='bbox 661 2091 924 2140; x_wconf 84' lang='lat' dir='ltr'><strong>indomitis</strong></span> <span class='ocrx_word' id='word_1_145' title='bbox 950 2094 1189 2157; x_wconf 85' lang='lat' dir='ltr'><strong>gregibus</strong></span> <span class='ocrx_word' id='word_1_146' title='bbox 1217 2095 1393 2144; x_wconf 85' lang='lat' dir='ltr'><strong>Venus</strong></span> <span class='ocrx_word' id='word_1_147' title='bbox 1419 2096 1577 2143; x_wconf 84' lang='lat' dir='ltr'><strong>adflat</strong></span> <span class='ocrx_word' id='word_1_148' title='bbox 1601 2111 1745 2144; x_wconf 87' lang='lat' dir='ltr'><strong>amo-</strong></span> 
     </span>
     <span class='ocr_line' id='line_1_23' title="bbox 462 2194 562 2239; baseline 0.01 -12"><span class='ocrx_word' id='word_1_149' title='bbox 462 2194 562 2239; x_wconf 85' lang='lat' dir='ltr'><strong>res,</strong></span> 
     </span>
     <span class='ocr_line' id='line_1_24' title="bbox 321 2267 1630 2334; baseline 0.003 -18"><span class='ocrx_word' id='word_1_150' title='bbox 321 2267 658 2331; x_wconf 87' lang='lat' dir='ltr'><strong>hippomanes</strong></span> <span class='ocrx_word' id='word_1_151' title='bbox 688 2269 902 2332; x_wconf 87' lang='lat' dir='ltr'><strong>cupidae</strong></span> <span class='ocrx_word' id='word_1_152' title='bbox 927 2270 1089 2318; x_wconf 85' lang='lat' dir='ltr'><strong>stillat</strong></span> <span class='ocrx_word' id='word_1_153' title='bbox 1112 2272 1176 2318; x_wconf 86' lang='lat' dir='ltr'><strong>ab</strong></span> <span class='ocrx_word' id='word_1_154' title='bbox 1203 2271 1417 2333; x_wconf 86' lang='lat' dir='ltr'><strong>inguine</strong></span> <span class='ocrx_word' id='word_1_155' title='bbox 1449 2285 1630 2334; x_wconf 87' lang='lat' dir='ltr'><strong>equae,</strong></span> 
     </span>
     <span class='ocr_line' id='line_1_25' title="bbox 251 2354 1578 2420; baseline 0.003 -17"><span class='ocrx_word' id='word_1_156' title='bbox 251 2354 292 2403; x_wconf 89' lang='lat' dir='ltr'><strong>si</strong></span> <span class='ocrx_word' id='word_1_157' title='bbox 318 2356 472 2403; x_wconf 91' lang='lat' dir='ltr'><strong>modo</strong></span> <span class='ocrx_word' id='word_1_158' title='bbox 498 2369 580 2404; x_wconf 90' lang='lat' dir='ltr'><strong>me</strong></span> <span class='ocrx_word' id='word_1_159' title='bbox 604 2356 808 2419; x_wconf 87' lang='lat' dir='ltr'><strong>placido</strong></span> <span class='ocrx_word' id='word_1_160' title='bbox 835 2358 1003 2405; x_wconf 84' lang='lat' dir='ltr'><strong>videat</strong></span> <span class='ocrx_word' id='word_1_161' title='bbox 1026 2357 1254 2406; x_wconf 82' lang='lat' dir='ltr'><strong>Nemesis</strong></span> <span class='ocrx_word' id='word_1_162' title='bbox 1279 2374 1394 2408; x_wconf 88' lang='lat' dir='ltr'><strong>mea</strong></span> <span class='ocrx_word' id='word_1_163' title='bbox 1418 2360 1578 2420; x_wconf 84' lang='lat' dir='ltr'><strong>vultu,</strong></span> 
     </span>
     <span class='ocr_line' id='line_1_26' title="bbox 147 2444 1416 2508; baseline 0.004 -16"><span class='ocrx_word' id='word_1_164' title='bbox 147 2451 208 2492; x_wconf 83' lang='lat'><strong>60</strong></span> <span class='ocrx_word' id='word_1_165' title='bbox 320 2444 459 2492; x_wconf 87' lang='lat' dir='ltr'><strong>mille</strong></span> <span class='ocrx_word' id='word_1_166' title='bbox 485 2445 613 2493; x_wconf 84' lang='lat' dir='ltr'><strong>alias</strong></span> <span class='ocrx_word' id='word_1_167' title='bbox 640 2446 826 2494; x_wconf 86' lang='lat' dir='ltr'><strong>herbas</strong></span> <span class='ocrx_word' id='word_1_168' title='bbox 851 2447 1066 2495; x_wconf 88' lang='lat' dir='ltr'><strong>misceat</strong></span> <span class='ocrx_word' id='word_1_169' title='bbox 1085 2448 1196 2508; x_wconf 87' lang='lat' dir='ltr'><strong>illa,</strong></span> <span class='ocrx_word' id='word_1_170' title='bbox 1232 2448 1416 2497; x_wconf 86' lang='lat' dir='ltr'><strong>bibam.</strong></span> 
     </span>
    </p>
   </div>
   <div class='ocr_carea' id='block_1_3' title="bbox 838 2616 1156 2623">
    <p class='ocr_par' dir='ltr' id='par_1_3' title="bbox 838 2616 1156 2623">
     <span class='ocr_line' id='line_1_27' title="bbox 838 2616 1156 2623; baseline 0.003 -1"><span class='ocrx_word' id='word_1_171' title='bbox 838 2616 1156 2623; x_wconf 81' lang='lat'><strong>———</strong></span> 
     </span>
    </p>
   </div>
  </div>
 </body>
</html>
