1942 3000
66 560 129 603 10

71 1004 131 1044 15

73 1446 134 1486 20

73 1892 132 1932 25

73 2337 134 2378 30

88 2547 107 2567 ss

772 131 950 169 mnan
984 131 1073 170 111.
1568 129 1668 179 171

175 289 379 338 somnia
405 288 582 336 fallaci
610 289 796 337 ludunt
820 289 1091 337 temeraria
1116 298 1268 338 noete

249 385 300 426 et
324 377 530 442 pavidas
558 387 757 427 mentes
783 378 916 426 falsa
939 378 1119 425 timere
1144 377 1348 426 iubent:

176 473 226 514 et
253 473 433 513 natum
457 466 511 514 in
540 481 687 515 curas
714 467 981 514 hominum
1006 480 1169 529 genus
1197 466 1369 514 omina
1394 467 1562 514 noetis

245 554 382 602 farre
408 555 495 617 pio
520 556 731 619 placant
756 564 807 603 et
832 556 1050 603 saliente
1075 556 1220 603 sale?

176 651 226 691 et
252 651 440 702 tamen,
476 652 753 706 utcumque
781 652 874 704 est,
906 645 1012 693 sive
1038 644 1117 691 illi
1147 658 1265 691 vera
1290 644 1508 703 moneri,

245 732 481 780 mendaci
507 747 691 780 somno
719 731 926 780 credere
953 732 1059 780 sive
1083 733 1275 792 volent,

176 820 367 868 efficiat
393 835 550 869 vanos
578 820 744 868 noctis
772 820 973 868 Lucina
1000 821 1207 869 timores

249 915 299 956 et
323 909 512 956 frustra
538 908 831 956 inmeritum
856 909 1180 971 pertimuisse
1207 910 1345 969 velit,

174 997 220 1044 si
247 1011 363 1045 mea
390 1010 487 1044 nec
511 996 647 1059 turpi
672 1011 816 1045 mens
845 1005 920 1045 est
947 998 1176 1045 obnoxia
1200 998 1340 1047 facto

251 1100 346 1133 nec
370 1085 515 1133 laesit
540 1100 756 1148 magnos
783 1086 929 1148 inpia
952 1086 1133 1148 lingua
1160 1086 1300 1135 deos.

173 1173 279 1221 iam
304 1173 422 1221 Nox
445 1172 726 1221 aetherium
752 1174 911 1235 nigris
939 1189 1148 1222 emensa
1174 1175 1436 1237 quadrigis

250 1262 498 1309 mundum
524 1263 763 1310 caeruleo
791 1263 986 1310 laverat
1011 1277 1162 1311 amne
1190 1272 1345 1320 rotas,

174 1364 274 1397 nee
298 1364 380 1399 me
405 1351 630 1413 sopierat
654 1351 809 1398 menti
835 1351 961 1399 deus
990 1352 1128 1399 utilis
1155 1366 1366 1415 aegrae:

251 1453 462 1487 somnus
491 1439 741 1487 sollicitas
769 1440 940 1487 deficit
965 1448 1086 1487 ante
1112 1441 1307 1489 domos.

173 1528 399 1586 tandem,
434 1544 549 1576 cum
575 1544 771 1577 summa
800 1529 1038 1577 Phoebus
1066 1531 1330 1593 prospexit
1354 1532 1418 1579 ab
1446 1529 1595 1590 Oeta,

247 1617 430 1678 pressit
454 1604 746 1679 languentis
773 1617 966 1665 lumina
994 1633 1108 1666 sera
1134 1619 1296 1680 quies,

173 1704 259 1752 hio
285 1705 480 1754 iuvenis
508 1715 647 1754 casta
672 1706 931 1754 redimitus
959 1716 1193 1769 tempora
1218 1708 1364 1755 lauro

250 1801 326 1842 est
350 1794 487 1842 visus
514 1803 691 1842 nostra
716 1809 911 1857 ponere
935 1796 1056 1845 sede
1084 1796 1284 1858 pedem.

175 1900 284 1934 non
311 1885 402 1932 illo
430 1887 705 1948 quicquam
731 1886 1006 1934 formosius
1032 1886 1141 1933 ulla
1166 1887 1392 1948 priorum

249 1982 409 2033 aetas,
445 1975 658 2022 heroum
685 1989 781 2022 nee
806 1975 922 2022 tulit
947 1975 1058 2022 ulla
1082 1975 1279 2022 domus..

175 2061 371 2110 intonsi
400 2062 564 2110 crines
593 2063 752 2125 longa
777 2063 971 2111 cervice
998 2063 1241 2121 fluebant,

250 2151 480 2199 stillabat
506 2151 654 2212 Syrio
682 2159 873 2212 myrtea
897 2165 1014 2199 rore
1040 2165 1203 2198 coma.

178 2240 372 2287 candor
398 2246 507 2287 erat
532 2240 737 2301 qualem
762 2240 988 2302 praefert
1012 2239 1234 2287 Latonia
1260 2239 1425 2296 Luna,

251 2336 300 2376 et
326 2329 471 2376 color
493 2328 548 2376 in
575 2329 724 2376 niveo
752 2342 968 2390 corpore
994 2342 1299 2390 purpureus,

179 2424 234 2463 ut
257 2416 426 2464 iuveni
456 2416 677 2479 primum
703 2417 845 2478 virgo
874 2415 1094 2464 deducta
1117 2416 1301 2464 marito

249 2504 473 2552 inficitur
499 2513 700 2552 teneras
729 2518 817 2552 ore
842 2506 1058 2552 rubente
1086 2519 1264 2566 genaS,

179 2602 229 2642 et
254 2608 371 2641 eum
397 2601 680 2641 contexunt
706 2593 985 2640 amarantis
1013 2594 1131 2640 alba
1155 2592 1362 2656 puellae
