1942 3000
841 160 1036 198 muna.
1615 159 1681 209 97

791 423 1084 472 LXXXIII.

187 581 371 630 Lesbia
396 582 464 629 mi
492 591 761 645 praesente
786 583 895 631 viro
919 584 1056 631 mala
1083 584 1302 646 plurima
1327 585 1476 633 dicit:

257 669 355 717 hoc
383 670 457 717 illi
484 671 628 718 fatuo
654 671 877 718 maxima
906 671 1166 719 laetitiast.

185 759 339 817 mule,
370 758 499 806 nihil
526 759 704 807 sentis.
783 759 827 807 si
853 760 1018 808 nostri
1045 760 1204 809 oblita
1229 769 1436 820 taceret,

255 861 382 894 sana
410 855 569 895 esset:
615 863 752 895 nunc
780 848 917 910 quod
947 849 1130 910 gannit
1155 857 1204 897 et
1228 850 1542 912 obloquitur,

116 946 143 984 5
186 950 290 983 non
318 935 487 983 solum
511 936 759 995 meminit,
796 937 900 996 sed,
934 950 1068 998 quae
1093 937 1257 985 multo
1283 939 1451 986 acrior
1474 947 1550 986 est
1573 952 1673 996 ree,

255 1025 385 1071 irata
412 1032 503 1082 est,
536 1025 633 1072 hoc
660 1033 754 1083 est,
788 1025 947 1073 uritur
974 1035 1026 1073 et
1053 1026 1308 1089 coquitur.

769 1214 1084 1221 ——m

769 1395 1086 1445 LXXXIIII.

176 1556 500 1605 Chommoda
527 1556 744 1616 dicebat,
778 1557 819 1604 si
847 1557 1056 1619 quando
1084 1558 1353 1605 commoda
1377 1557 1527 1605 vellet

249 1644 436 1704 dicere,
471 1653 519 1693 et
543 1645 754 1695 insidias
780 1647 962 1693 Arrius
991 1645 1256 1700 hinsidiaS‚

174 1740 226 1780 et
255 1740 365 1780 tum
388 1732 601 1781 mirifice
626 1735 865 1796 sperabat
890 1748 945 1781 se
972 1747 1086 1781 esse
1113 1733 1358 1792 locutum,

246 1835 366 1869 eum
392 1829 641 1883 quantum
666 1830 869 1885 poterat
893 1822 1092 1870 dixerat
1117 1822 1381 1869 hinsidias.

101 1918 127 1957 5
173 1908 349 1968 oredo,
383 1909 457 1957 sic
481 1918 659 1969 mater,
693 1910 765 1957 sic
793 1909 948 1957 Liber
978 1909 1259 1957 avunculus
1289 1909 1415 1967 eius,

249 1997 325 2045 sie
348 2005 608 2045 maternus
635 2012 758 2045 avus
786 1998 986 2046 dixerat
1012 2006 1167 2060 atque
1192 1998 1322 2046 avia.

167 2087 274 2135 hoc
300 2086 458 2134 misso
484 2086 537 2134 in
567 2086 767 2147 Syriam
793 2087 1088 2149 requierant
1114 2086 1353 2134 omnibus
1381 2099 1558 2133 aures:

244 2174 494 2223 audibant
520 2175 696 2222 eadem
722 2175 846 2223 haee
872 2175 1057 2223 leniter
1082 2184 1130 2223 et
1154 2174 1347 2232 leviter,

167 2277 270 2311 nec
296 2262 393 2311 sibi
420 2262 632 2325 postilla
657 2264 949 2311 metuebant
976 2263 1100 2311 talia
1126 2265 1296 2321 verba,

55 2360 118 2400 10
244 2366 363 2399 cum
389 2350 560 2398 subito
586 2351 810 2399 adfertur
837 2352 1044 2399 nuntius
1070 2351 1347 2410 horribilis,

162 2439 350 2488 Ionios
378 2438 580 2498 fluctuS,
613 2448 888 2503 postquam
913 2440 1039 2488 illuc
1064 2440 1246 2488 Arrius
1274 2440 1413 2498 isset,

240 2528 348 2579 iam
371 2543 480 2577 non
506 2529 680 2577 Ionios
709 2544 837 2589 esse,
871 2530 959 2578 sed
987 2530 1225 2577 Hionios.

166 2718 312 2755 Catuu.
362 2719 422 2755 ed.
445 2719 491 2755 ΙΙ.
1320 2731 1341 2770 7
