1942 3000
756 186 931 224 mmm
963 187 1055 225 111.
1547 187 1654 238 239

57 351 120 390 20
227 341 428 400 stultus,
464 342 602 404 quod
629 342 788 391 stulto
816 357 971 407 saepe
997 343 1180 393 timore
1204 352 1386 395 tremo,

160 444 262 477 una
285 435 456 477 tamen
481 445 638 479 causa
664 438 756 492 est,
789 447 892 494 qua
917 432 1134 481 crimina
1157 442 1303 482 tanta
1327 436 1548 495 remittO,

228 518 464 565 errabant
487 520 650 567 multo
678 521 816 582 quod
843 528 933 568 tua
957 523 1113 570 verba
1137 537 1297 571 mero.

160 605 246 653 sed
270 621 551 669 numquam
579 608 710 656 vitae
736 609 882 657 fallet
905 624 989 657 me
1013 626 1142 673 ruga
1168 625 1401 659 severae:

229 708 403 743 omnes
429 695 531 742 iam
557 703 749 743 norunt
774 712 929 759 quam
955 699 1021 746 sit
1047 712 1217 746 amare
1243 700 1455 748 bonum.

56 791 117 832 25
158 782 391 844 Lynceus
419 783 531 846 ipse
555 798 699 831 meus
728 798 870 833 seros
897 785 1092 834 insanit
1117 801 1335 854 amores.

195 851 203 860 ⁸
226 886 398 919 serum
423 880 474 920 te
498 878 705 920 nostros
733 873 897 920 laetor
921 873 1064 923 adire
1088 875 1230 923 deos.

158 960 279 1023 quid
303 966 394 1007 tua
420 960 698 1009 Socraticis
725 960 814 1009 tibi
840 977 981 1010 nunc
1008 963 1261 1026 sapientia
1287 964 1428 1012 libris

225 1047 453 1110 proderit
477 1055 565 1096 aut
589 1063 759 1096 rerum
787 1050 955 1099 dicere
980 1066 1134 1114 posse
1159 1052 1301 1100 vias?

156 1143 245 1184 aut
268 1136 391 1198 quid
419 1135 620 1185 Crethei
647 1138 739 1186 tibi
765 1146 984 1201 prosunt
1010 1140 1236 1189 carmina
1261 1141 1426 1189 lecta?

52 1234 117 1276 3ο
228 1225 303 1271 nil
329 1224 468 1272 iuvat
490 1225 545 1273 in
570 1241 760 1288 magno
787 1234 955 1276 vester
979 1243 1154 1277 amore
1177 1244 1353 1278 senex.

155 1321 213 1362 tu
237 1313 400 1360 Latiis
425 1313 694 1377 Meropem
718 1315 876 1363 musis
902 1316 1103 1365 imitere
1129 1317 1364 1365 Philetan

229 1409 278 1450 et
303 1416 410 1448 non
434 1400 597 1449 inflati
624 1403 827 1450 somnia
854 1402 1172 1453 Callimachi.

156 1506 275 1539 nam
303 1505 481 1539 cursus
508 1490 631 1539 licet
654 1491 829 1540 Aetoli
857 1493 1050 1542 referas
1075 1493 1314 1554 Acheloi,

226 1579 432 1627 fluxerit
456 1586 515 1626 ut
536 1594 727 1642 magno
753 1580 943 1629 fractus
971 1595 1147 1629 amore
1172 1582 1360 1645 liquor,

47 1677 110 1719 35
154 1674 309 1730 atque
336 1667 487 1715 etiam
514 1674 569 1716 ut
594 1667 817 1731 Phrygio
843 1669 1010 1717 fallax
1031 1670 1331 1718 Maeandria
1363 1684 1543 1734 campo

227 1764 361 1804 errat
388 1763 436 1803 et
460 1756 574 1818 ipsa
600 1772 718 1804 suas
746 1757 936 1821 decipit
962 1758 1100 1805 unda
1127 1757 1253 1820 viaS,
1313 1783 1350 1812 ρ

154 1845 323 1907 qualis
351 1852 402 1892 et
424 1845 634 1893 Adrasti
661 1845 816 1893 fuerit
838 1846 1032 1894 vocalis
1058 1846 1224 1894 Arion

225 1933 386 1981 tristis
412 1934 477 1981 ad
502 1934 805 1982 Archemori
831 1934 1013 1982 funera
1037 1935 1201 1982 victor
1227 1949 1419 1997 equus:

152 2036 260 2069 non
286 2037 476 2083 magna
498 2022 875 2085 Amphiaraeae
899 2030 1117 2086 prosunt
1142 2023 1235 2071 tibi
1262 2024 1370 2071 fata

43 2118 108 2159 40
226 2109 508 2172 quadrigae
533 2117 622 2157 aut
648 2109 874 2173 Capanei
901 2118 1048 2172 grata
1071 2111 1222 2158 ruina
1244 2111 1373 2159 Iovi.

43 2185 63 2200 ⁶
152 2198 333 2246 desine
360 2206 411 2246 et
434 2198 725 2260 Aeschyleo
754 2213 1049 2261 conponere
1075 2200 1229 2247 verba
1255 2200 1527 2258 cothurn0‚

226 2286 422 2345 desine,
459 2295 508 2334 ct
533 2287 596 2335 ad
623 2288 805 2335 molles
832 2288 1061 2335 membra
1087 2287 1285 2335 resolve
1311 2288 1513 2336 choros.

149 2375 328 2437 incipe
352 2375 455 2422 iam
481 2383 701 2438 angusto
728 2390 902 2424 versus
928 2376 1193 2425 includere
1216 2382 1386 2436 torn0,

223 2463 385 2526 inque
410 2471 526 2511 tuos
555 2464 721 2526 ignes,
756 2465 881 2512 dure
908 2471 1081 2527 poeta,
1113 2464 1246 2512 veni.

41 2561 107 2602 45
151 2559 209 2601 tu
236 2567 345 2600 non
371 2552 703 2612 Antimach0‚
734 2567 842 2600 non
867 2553 1028 2601 tutior
1051 2552 1148 2601 ibis
1175 2554 1433 2601 Homero:

227 2639 446 2702 despicit
470 2647 520 2687 et
545 2656 762 2704 magnos
790 2649 928 2690 recta
953 2642 1129 2705 puella
1156 2642 1296 2690 deos,

153 2743 329 2786 Propert.
379 2741 438 2778 ed.
458 2743 504 2779 ΙΙ.
1272 2755 1330 2797 19
