1942 3000
807 169 986 208 LIBER
1015 170 1082 207 11.
1587 167 1691 219 237

198 325 303 374 sive
329 326 474 374 illam
497 326 745 389 hesperiis
771 327 877 376 sive
901 327 1048 375 illam
1074 327 1310 377 ostendet
1335 328 1462 388 eoiS,

269 421 384 464 uret
408 421 626 477 eteoos,
657 423 770 464 uret
795 423 847 464 et
870 415 1154 479 hesperios,

786 601 1099 609 ————-—--———

881 786 1001 835 IIII.

91 954 155 997 45
195 945 288 994 His
314 947 495 994 saltem
520 953 577 994 ut
602 953 780 995 tenear
801 946 905 994 iam
931 945 1148 995 finibus!
1190 946 1275 995 hei
1298 947 1441 1008 mibi,
1471 946 1652 1011 siquis,

265 1035 431 1083 acrius
459 1041 516 1083 ut
536 1036 743 1096 moriar,
773 1036 967 1084 venerit
993 1037 1121 1084 alter
1145 1036 1321 1084 amor!

193 1138 257 1172 ac
281 1124 437 1172 veluti
463 1124 627 1187 primo
654 1132 831 1172 taurus
856 1124 1106 1173 detrectat
1129 1131 1316 1183 aratra,

264 1221 387 1276 post
412 1214 548 1262 vonit
571 1214 785 1262 adsueto
811 1213 984 1261 mollis
1011 1212 1076 1261 ad
1102 1229 1222 1262 arva
1246 1214 1393 1276 iugo,

195 1302 271 1350 sic
298 1302 465 1365 primo
489 1303 695 1350 iuvenes
723 1301 983 1364 trepidant
1004 1301 1059 1349 in
1091 1316 1267 1352 amore
1291 1302 1511 1363 fernme,

87 1400 152 1441 50
267 1391 451 1439 dehinc
477 1390 657 1438 domiti
681 1398 802 1454 post
826 1392 953 1439 haec
979 1405 1149 1454 aequa
1174 1397 1228 1438 et
1250 1390 1430 1454 iniqua
1455 1390 1645 1441 ferunt.

193 1479 366 1544 turpia
390 1493 663 1543 perpessus
689 1485 830 1527 vates
857 1486 936 1528 est
958 1478 1129 1528 vincla
1153 1479 1462 1542 Melampus,

267 1569 507 1631 cognitus
531 1567 716 1631 Iphicli
742 1567 1052 1630 surripuisse
1079 1568 1265 1627 boves;

193 1672 347 1722 quem
371 1671 478 1704 non
504 1658 663 1716 lucra,
694 1656 859 1718 magis
885 1655 1020 1704 Pero
1046 1655 1275 1704 formosa
1304 1655 1492 1719 coegit,

262 1760 387 1794 mox
408 1745 763 1807 Amythaonia
788 1752 951 1808 nupta
977 1745 1152 1792 futura
1177 1744 1348 1793 domo,

190 1835 355 1882 multa
379 1834 520 1896 prius
548 1834 787 1881 dominae
814 1833 1007 1883 delicta
1028 1833 1256 1895 queraris
1284 1839 1503 1896 oportet,

264 1936 419 1986 saepe
444 1936 593 1985 roges
620 1923 835 1986 aliquid,
868 1936 1024 1985 saepe
1048 1923 1283 1985 repulsus
1311 1936 1417 1981 eaS,

193 2017 243 2058 et
265 2025 420 2074 saepe
444 2011 708 2059 inmeritos
737 2025 1035 2073 corrumpas
1061 2010 1299 2059 dentibus
1326 2024 1545 2074 ungueS,

266 2107 316 2147 et
342 2100 587 2161 crepitum
615 2099 769 2147 dubio
797 2101 1007 2148 suscitet
1031 2100 1108 2147 ira
1132 2099 1280 2162 pede.

123 2196 151 2235 5
193 2187 511 2250 nequiquam
536 2187 746 2251 perfusa
771 2188 896 2236 meis
924 2194 1191 2250 unguenta
1217 2186 1434 2250 capillis,

264 2276 374 2324 ibat
397 2285 448 2324 et
476 2290 704 2339 expenso
732 2277 913 2339 planta
937 2283 1138 2324 morata
1163 2275 1342 2338 gradu.

191 2379 299 2412 non
324 2365 408 2412 hic
432 2365 591 2413 herba
616 2365 768 2425 valet,
800 2380 907 2413 non
933 2365 1017 2425 hic
1042 2373 1298 2414 nocturna
1324 2363 1545 2426 Cytaeis,

263 2468 370 2503 non
396 2453 724 2502 Perimedeae
749 2455 985 2515 gramina
1009 2464 1157 2503 cocta
1178 2468 1381 2502 manus,

192 2541 386 2604 quippe
411 2543 499 2590 ubi
524 2557 621 2592 nec
647 2556 829 2591 causas
856 2557 953 2591 nec
980 2550 1184 2605 apertos
1218 2542 1472 2591 cernimus
1496 2541 1647 2603 ictuS,

86 2637 146 2681 10
265 2630 400 2678 unde
427 2638 595 2701 lamen
621 2630 831 2680 veniant
852 2637 931 2679 tot
954 2632 1091 2679 mala
1118 2645 1270 2680 caeca
1297 2630 1441 2679 viast.
