1942 3000
779 181 961 219 mmm
991 182 1052 219 v.
1561 177 1667 229 359

243 342 417 397 portat
440 335 705 383 mentitam
729 336 903 398 lignea
926 344 1157 385 monstra
1182 337 1342 385 bovis.

173 435 292 470 ecee
319 430 567 470 coronato
595 438 711 485 pars
737 424 899 472 altera
925 431 1070 472 vecta
1095 424 1327 486 phase10‚

66 518 129 559 60
243 511 434 559 mulcet
458 510 547 558 ubi
570 510 771 573 Elysias
798 526 924 559 aura
950 513 1100 560 beata
1125 527 1287 572 rosas,

173 612 277 660 qua
300 612 576 662 numerosa
601 598 723 647 fides
751 614 956 662 quaque
982 614 1104 648 aera
1129 600 1350 648 rotunda
1375 598 1607 661 Cybebes

241 686 560 748 mitratisque
586 694 774 735 sonant
798 687 958 749 Lydia
984 688 1178 750 plectra
1204 688 1390 736 choris·

168 772 600 837 Andromedeque
626 783 675 822 et
688 774 1085 837 Hypermnestre
1110 775 1223 823 sine
1247 774 1429 823 fraude
1452 775 1665 822 maritae

244 870 473 922 narrant,
506 863 751 911 historiae
778 869 988 924 pectora
1013 870 1138 910 nota
1161 875 1310 909 suae:

66 957 129 998 65
172 949 301 997 haec
327 964 420 996 sua
444 950 689 998 maternis
718 951 949 1012 queritur
972 951 1129 998 livere
1155 951 1350 999 catenis

21 1031 22 1034 ’
246 1037 486 1085 bracchia
512 1052 608 1086 nec
633 1038 836 1087 meritas
861 1038 1052 1100 frigida
1076 1053 1202 1088 saxa
1228 1053 1409 1087 manus
1429 1055 1440 1086 :

171 1117 348 1172 narrat
372 1124 771 1186 Hypermnestre
793 1141 1039 1189 magnum
1064 1141 1214 1174 ausas
1242 1141 1354 1175 esse
1378 1140 1600 1186 sorores,

244 1211 299 1260 in
325 1212 492 1260 scelus
518 1212 618 1260 hoe
643 1213 870 1260 animum
896 1229 1003 1261 non
1029 1214 1248 1262 valuisse
1272 1228 1438 1261 suum.

172 1298 247 1347 sic
272 1299 450 1347 mortis
475 1300 699 1358 lacrimis
724 1301 856 1349 vitae
881 1315 1123 1349 sanamus
1149 1315 1378 1349 amores:

63 1394 129 1435 '⁷0
245 1387 359 1434 celo
388 1400 486 1449 ego
512 1387 755 1449 perfidiae
779 1388 995 1436 erimina
1017 1389 1181 1436 multa
1208 1396 1344 1436 tuae.

173 1474 261 1523 sed
289 1474 382 1523 tibi
407 1489 547 1522 nunc
570 1474 812 1523 mandata
836 1474 1033 1535 damasi,
1065 1476 1107 1524 si
1134 1475 1269 1524 forte
1292 1475 1529 1534 moveriS,

246 1563 291 1610 si
315 1568 366 1610 te
391 1576 498 1610 non
524 1569 688 1609 totum
712 1562 936 1610 Doridos
964 1564 1123 1611 herba
1151 1571 1309 1612 tenet.

172 1649 351 1699 nutrix
375 1649 429 1697 in
457 1649 686 1697 tremulis
715 1649 904 1711 nequid
931 1649 1184 1698 desideret
1208 1651 1357 1698 annis

245 1737 555 1787 Parthenie:
598 1737 781 1800 patuit,
813 1750 909 1785 nec
935 1737 1028 1785 tibi
1054 1752 1204 1785 avara
1231 1737 1342 1784 fuit.

67 1837 132 1877 75
176 1826 494 1888 deliciaeque
518 1839 665 1873 meae
689 1824 878 1885 Latris,
912 1825 995 1874 eui
1021 1839 1212 1873 nomen
1238 1826 1304 1874 ab
1332 1832 1496 1885 usust,

246 1930 313 1963 ne
341 1914 608 1977 speculum
631 1914 871 1962 dominae
897 1913 1127 1977 porrigat
1151 1914 1242 1961 illa
1271 1927 1449 1962 novae.

176 2009 228 2051 et
254 2015 606 2065 quoscumque
628 2016 744 2049 meo
771 2002 937 2051 fecisti
963 2002 1174 2050 nomine
1198 2016 1391 2061 versus,

246 2104 338 2138 ure
363 2089 519 2137 mihi:
562 2088 737 2137 laudes
764 2088 945 2141 desine,
964 2088 1154 2136 habere
1178 2102 1335 2136 meas.

177 2177 315 2240 pelle
362 2176 603 2225 hederam
653 2177 851 2224 tumulo
867 2210 880 2235 ‚
935 2176 1059 2224 mihi
1109 2190 1243 2238 quae
1282 2183 1544 2238 pugnante
1582 2190 1669 2225 co·

391 2264 571 2325 rymbo

72 2362 135 2403 80
249 2351 428 2399 mollia
453 2350 701 2399 contortis
728 2349 909 2411 alligat
936 2363 1054 2396 ossa
1084 2349 1264 2397 comis.

179 2440 407 2503 pomosis
433 2439 572 2487 Anio
600 2453 703 2501 qua
728 2436 974 2501 spumifer
995 2437 1209 2485 incubat
1231 2437 1362 2484 arvis

251 2536 301 2575 et
325 2542 608 2589 numquam
631 2526 886 2574 Herculeo
912 2525 1123 2574 numine
1150 2525 1312 2588 pallet
1335 2526 1478 2584 ebur,

177 2615 263 2664 hic
289 2629 494 2663 carmen
522 2613 689 2662 media
715 2613 928 2675 dignum
951 2627 1035 2661 me
1059 2613 1227 2661 scribe
1253 2613 1511 2670 columna,
