1942 3000
782 199 960 237 LIBER
992 199 1082 236 111.

254 355 483 416 tinxerit,
517 355 711 404 idcirco
739 356 946 403 caerula
971 355 1141 402 forma
1165 354 1390 403 bonast?

188 460 299 493 cum
323 444 415 493 tibi
440 459 537 492 nec
562 443 720 492 frater
744 458 840 492 nec
867 445 933 492 sit
956 444 1050 491 tibi
1078 444 1210 491 filius
1239 444 1394 501 ullae,

254 533 410 580 frater
435 547 532 595 ego
560 540 613 581 et
636 533 727 581 tibi
754 533 851 581 sim
876 532 1013 581 filius
1039 547 1173 580 unus
1203 546 1319 595 eg0.

86 630 145 671 35
183 621 290 684 ipse
315 629 433 669 tuus
461 635 663 683 semper
687 621 779 669 tibi
804 621 871 668 sit
896 621 1134 668 custodia
1157 621 1339 680 lecum,

254 724 348 758 nec
374 709 523 757 nimis
550 717 733 757 ornata
757 710 928 757 fronte
954 710 1133 758 sedere
1160 709 1301 757 velis.

186 798 386 846 credam
413 812 509 859 ego
535 798 767 845 narranti
796 797 930 860 (noli
957 795 1296 858 committere)
1326 796 1523 843 famae:

251 895 300 934 et
322 893 511 934 terram
536 900 713 933 rumor
736 887 958 934 transilit
985 894 1035 934 et
1058 887 1237 934 maria.

823 1257 1044 1305 XVIIII.

186 1415 296 1463 Etsi
322 1430 403 1463 me
427 1415 587 1463 invito
615 1415 849 1476 discedis,
884 1415 1119 1477 Cynthia,
1152 1415 1337 1474 Roma,

258 1507 422 1554 laetor
449 1506 587 1568 quod
613 1506 725 1553 sine
750 1520 833 1553 me
858 1506 1005 1553 devia
1028 1520 1147 1552 rura
1174 1505 1332 1553 coles.

185 1595 360 1643 nullus
389 1594 484 1642 erit
509 1595 660 1642 castis
686 1594 884 1642 iuvenis
913 1600 1183 1656 corruptor
1206 1594 1260 1640 in
1287 1593 1442 1655 agris,

257 1684 346 1746 qui
373 1691 424 1731 te
449 1683 712 1731 blanditiis
738 1698 845 1730 non
872 1682 1007 1730 sinat
1032 1696 1143 1729 esse
1169 1683 1401 1744 probam.

116 1780 141 1819 5
184 1772 331 1825 nulla
356 1786 525 1834 neque
550 1779 668 1820 ante
695 1778 809 1820 tuas
838 1771 1028 1819 orietur
1053 1771 1167 1818 rixa
1190 1770 1463 1829 fenestras,

253 1876 350 1909 nec
374 1862 466 1909 tibi
495 1861 742 1909 clamatae
768 1876 979 1909 somnus
1008 1875 1209 1908 amarus
1245 1859 1354 1907 erit.

179 1949 294 1997 sola
320 1950 419 1997 eris
450 1956 499 1997 et
525 1950 665 1997 solos
693 1949 967 2012 spectabiS,
1003 1947 1240 2010 Cynthia,
1273 1954 1479 1994 montes

252 2044 303 2084 et
329 2051 484 2099 pecus
512 2045 563 2085 et
589 2038 715 2085 fines
743 2037 983 2099 pauperis
1011 2036 1287 2098 agricolae.

177 2125 288 2173 illic
315 2132 364 2173 te
391 2125 522 2172 nulli
550 2132 794 2188 poterunt
823 2139 1151 2187 corrumpere
1179 2125 1287 2171 ludi

73 2221 134 2261 10
250 2213 478 2275 fanaque
505 2214 731 2276 peccatis
758 2213 980 2276 plurima
1006 2229 1161 2261 causa
1187 2214 1305 2262 tuis.

172 2302 282 2349 illic
310 2302 521 2350 adsidue
546 2309 723 2350 tauros
750 2303 1005 2364 spectabis
1032 2310 1235 2350 arantes

246 2398 296 2438 et
321 2391 475 2439 vitem
501 2392 655 2439 docta
679 2384 876 2453 ponere
900 2391 1037 2439 falce
1064 2406 1257 2451 comas,

172 2486 332 2542 atque
355 2479 427 2527 ibi
455 2495 571 2528 rara
596 2481 730 2529 feres
756 2480 956 2528 inculto
984 2488 1099 2527 tura
1126 2480 1337 2538 sacello,

244 2568 441 2617 haedus
470 2569 557 2616 ubi
582 2568 800 2630 agrestis
828 2575 1031 2615 corruet
1057 2575 1175 2615 ante
1200 2567 1364 2627 focOS‚

62 2663 125 2703 15
169 2656 410 2719 protinus
438 2664 490 2705 et
515 2657 655 2704 nuda
683 2657 896 2704 choreas
923 2638 1188 2704 imitabere
1215 2671 1353 2714 sura,

1577 194 1680 245 261
