1942 3000
802 172 980 210 LIBER
1010 174 1070 211 v.
1582 169 1687 222 365

95 337 155 378 25
195 328 446 376 femineae
472 329 588 376 loca
615 330 792 377 clausa
818 329 942 376 deae
968 327 1241 391 fontesque
1268 329 1502 391 piandos,

263 417 456 480 inpune
482 424 532 464 et
557 417 719 465 nullis
739 431 885 465 sacra
909 424 1098 465 retecta
1125 418 1262 465 viris.

196 505 339 553 devia
364 505 615 567 puniceae
640 506 878 553 velabant
903 501 1084 553 limina
1111 507 1280 566 vittae,

266 593 427 655 putris
458 593 670 640 odorato
697 594 899 641 luxerat
921 594 1043 655 igne
1069 609 1205 654 casa,

194 683 415 744 populus
444 690 492 729 et
517 683 685 744 longis
714 684 931 730 ornabat
954 682 1222 730 frondibus
1248 683 1442 742 aedem,

17 783 24 792 ·
94 778 153 819 30
264 772 528 833 multaque
556 779 821 819 cantantes
849 772 1030 818 umbra
1056 772 1262 833 tegebat
1286 786 1421 819 aves.

193 858 294 906 huc
321 858 421 905 ruit
443 858 500 904 in
526 858 715 905 siccam
742 866 989 919 congesto
1017 859 1223 920 pulvere
1250 860 1477 920 barbam,

265 952 315 993 et
339 944 460 992 iacit
486 952 606 991 ante
631 944 768 992 fores
794 947 947 993 verba
971 947 1174 994 minora
1200 947 1314 995 de0.

192 1034 307 1081 ‘vos
335 1047 535 1095 precor,
569 1047 599 1080 0
626 1033 732 1081 luci
758 1048 907 1081 sacro
935 1049 1067 1096 quae
1093 1035 1265 1083 luditis
1300 1044 1468 1097 antr0,

264 1119 475 1183 pandite
500 1120 713 1168 defessis
740 1103 947 1182 hospita
971 1120 1094 1169 fana
1118 1122 1256 1169 viriS.

17 1193 18 1196 Ἴ
93 1218 156 1258 35
194 1207 352 1256 fontis
381 1222 536 1269 egens
565 1223 696 1267 erro,
732 1209 970 1270 circaque
995 1210 1234 1257 sonantia
1258 1211 1493 1272 lymphis,

269 1304 319 1344 et
344 1311 469 1344 cava
493 1304 733 1359 suscepto
761 1297 969 1345 flumine
996 1298 1168 1359 palma
1193 1309 1271 1345 sat
1297 1307 1388 1346 est.

197 1384 478 1432 audistisne
503 1384 745 1446 aliquem,
776 1392 921 1448 tergo
949 1386 1038 1448 qui
1066 1386 1272 1434 sustulit
1297 1385 1504 1433 orbem?
1590 1441 1591 1444 Ἴ

268 1474 358 1522 ille
385 1487 480 1536 ego
509 1488 650 1522 sum:
695 1474 916 1523 Alciden
942 1482 1079 1523 terra
1105 1481 1310 1538 recepta
1334 1484 1500 1523 vocat.

197 1563 312 1626 quis
340 1562 476 1610 facta
500 1562 787 1610 Herculeae
814 1577 923 1611 non
948 1563 1090 1610 audit
1115 1563 1268 1610 fortia
1295 1563 1469 1611 clavae

46 1679 49 1681 Δ
88 1660 154 1700 4ο
252 1651 320 1699 'et
345 1664 627 1712 numquam
651 1649 714 1696 ad
743 1656 888 1697 natas
915 1650 1070 1697 inrita
1095 1650 1195 1697 tela
1222 1649 1375 1709 feraS,

196 1748 352 1802 atque
377 1738 468 1785 uni
495 1737 696 1799 Stygias
725 1737 919 1785 homini
944 1738 1140 1785 luxisse
1166 1739 1397 1786 tenebras
1413 1738 1436 1784 Ρ

276 1826 546 1891 [accipitet
592 1825 722 1872 haec
749 1825 887 1872 fesso
914 1824 1000 1872 vix
1023 1824 1146 1872 mihi
1171 1832 1305 1872 terra
1330 1823 1516 1888 patet]

197 1913 322 1976 quid
349 1913 394 1960 si
419 1913 610 1960 Iunoni
638 1927 840 1960 sacrum
864 1911 1100 1960 faceretis
1128 1913 1365 1961 amarae?

269 2017 375 2050 non
404 2001 673 2050 clausisset
697 2015 857 2063 aquas
883 2000 996 2063 ipsa
1021 2015 1241 2049 noverca
1267 2017 1403 2050 suas.

35 2146 40 2150 ,
90 2100 154 2140 45
198 2090 276 2139 sin
303 2091 533 2152 aliquam
558 2090 830 2151 vultusque
854 2103 998 2137 meus
1025 2097 1297 2152 saetaeque
1323 2091 1490 2138 leonis

267 2185 461 2226 terrent
486 2186 535 2225 et
561 2178 753 2238 Libyco
782 2177 892 2225 sole
917 2185 1128 2239 perusta
1153 2190 1317 2236 coma,

197 2267 334 2314 idem
359 2280 457 2328 ego
486 2266 701 2315 Sidonia
725 2265 823 2313 feci
852 2266 1053 2313 servilia
1079 2267 1222 2328 palla

272 2350 446 2401 officia
472 2361 523 2401 et
547 2353 692 2415 Lydo
720 2368 881 2416 pensa
907 2353 1089 2401 diurna
1114 2355 1249 2413 0010,

195 2442 370 2489 mollis
400 2449 449 2489 et
472 2442 724 2489 hirsutum
751 2442 886 2503 cepit
910 2441 1037 2488 mihi
1063 2441 1225 2490 fascia
1251 2449 1447 2505 pectus,

17 2538 18 2583 j
92 2538 154 2580 50
271 2537 321 2578 et
346 2529 583 2578 manibus
612 2529 750 2576 duris
780 2536 899 2591 apta
927 2530 1100 2591 puella
1127 2529 1242 2577 fui.'

196 2618 390 2666 talibus
414 2618 654 2673 Alcides:
702 2625 754 2665 at
779 2618 967 2666 talibus
996 2619 1132 2666 alma
1157 2618 1412 2677 sacerdOS,
