1942 3000
265 122 370 172 172
886 123 1130 162 ‘rmULm

333 283 444 331 lilia
469 291 519 330 et
543 288 787 330 autumno
816 280 1035 329 eandida
1057 279 1194 330 mala
1218 281 1419 328 rubent.
1448 257 1464 267 ἐ

160 380 223 421 35
262 371 365 419 ima
389 371 654 419 videbatur
679 369 797 418 talis
821 369 1054 417 inludere
1080 369 1249 432 palla:

335 473 557 522 namque
582 460 709 506 haec
733 458 786 505 in
813 458 976 506 nitido
1005 472 1221 520 corpore
1246 457 1397 505 vestis
1425 464 1551 505 erat.

263 548 384 596 artis
412 562 541 611 opus
569 561 730 606 rarae,
761 546 967 608 fulgens
996 546 1252 595 testudine
1277 554 1329 596 et
1351 561 1479 594 auro

335 637 592 700 pendebat
615 636 760 684 laeva
785 636 992 699 garrula
1016 642 1162 697 parte
1187 636 1314 696 lyra.

264 725 399 773 hanc
424 725 644 788 primum
670 724 878 772 veniens
904 725 1101 786 plectro
1127 723 1420 772 modulatus
1448 724 1645 772 eburno

159 821 223 862 40
335 813 510 862 felices
539 821 717 861 cantus
745 828 834 861 ore
859 819 1080 860 sonante
1104 812 1268 861 dedit:

264 902 353 951 sed
378 910 653 965 postquam
677 901 880 950 fuerant
906 901 1053 963 digiti
1080 916 1196 949 cum
1221 915 1346 949 voce
1371 901 1547 960 locuti,

336 990 493 1039 edidit
517 991 644 1039 haec
668 990 806 1038 dulei
831 989 998 1038 tristia
1021 990 1176 1038 verba
1200 990 1371 1037 modo.

263 1079 436 1139 ‘salve,
471 1094 593 1127 cura
621 1080 801 1127 deum:
847 1086 990 1127 casto
1018 1094 1139 1126 nam
1165 1079 1261 1126 rite
1285 1085 1470 1141 poetae

336 1168 678 1229 Phoebusque
705 1175 756 1215 et
777 1167 1014 1215 Bacchus
1040 1168 1367 1230 Pieridesque
1392 1166 1592 1214 favent:

159 1264 224 1305 45
265 1256 353 1304 sed
379 1257 550 1319 proles
579 1255 804 1305 Semeles
830 1256 1067 1304 Bacchus
1094 1257 1376 1317 doctaeque
1402 1268 1605 1303 sorores

338 1345 507 1393 dicere
532 1359 638 1393 non
665 1352 855 1393 norunt
879 1345 1003 1407 quid
1030 1345 1160 1393 serat
1185 1345 1311 1392 hora
1334 1358 1585 1406 sequens:

265 1441 318 1481 at
341 1434 465 1481 mihi
491 1433 715 1481 fatorum
741 1434 880 1495 leges
907 1433 1121 1497 aevique
1146 1432 1306 1481 futuri

336 1530 575 1572 eventura
604 1531 752 1586 pater
775 1538 929 1586 posse
955 1524 1125 1572 videre
1149 1522 1302 1571 dedit.

265 1625 425 1673 quare
452 1625 547 1673 ego
575 1627 709 1674 quae
734 1612 850 1661 dico
877 1627 985 1661 non
1010 1613 1171 1660 fallax
1197 1599 1556 1675 accipe’vateffi

162 1707 223 1747 50
336 1700 577 1762 quodque
603 1700 727 1749 deus
754 1715 872 1749 vero
901 1700 1151 1763 Cynthius
1180 1715 1269 1749 ore
1295 1700 1474 1748 feram.

263 1793 461 1835 tantum
489 1803 606 1836 cara
630 1789 739 1849 tibi,
772 1798 1023 1852 quantum
1048 1805 1144 1838 nec
1171 1790 1276 1837 filia
1302 1789 1469 1842 matri,

335 1884 587 1939 quantum
613 1892 708 1925 nec
736 1878 922 1940 cupido
951 1878 1087 1926 bella
1113 1879 1290 1940 puella
1316 1878 1442 1937 viro,

263 1979 358 2027 pro
386 1980 488 2028 qua
514 1966 760 2014 sollicitas
788 1966 1029 2015 caelestia
1056 1966 1266 2014 numina
1294 1966 1442 2024 votis,

337 2067 471 2116 quae
496 2053 586 2101 tibi
615 2068 820 2103 securos
850 2070 957 2103 non
984 2055 1107 2102 sinit
1130 2055 1204 2102 ire
1230 2055 1357 2113 dics,

161 2148 223 2189 55
265 2148 315 2189 et
341 2156 457 2189 cum
481 2149 532 2189 te
557 2142 704 2190 fusco
732 2142 954 2192 Somnus
983 2144 1165 2193 velavit
1188 2143 1394 2201 amictu,

334 2244 522 2277 vanum
547 2231 813 2279 nocturnis
841 2232 976 2280 fallit
998 2232 1328 2294 imaginibus,

263 2318 575 2367 carminibus
602 2320 857 2369 celebrata
883 2320 982 2369 tuis
1010 2321 1237 2369 formosa
1258 2321 1458 2370 Neaera

334 2407 544 2456 alterius
570 2409 762 2456 mavult
786 2424 897 2458 esse
922 2410 1099 2472 puella
1124 2410 1231 2469 viri,

265 2496 593 2558 diversasque
619 2511 740 2546 suas
767 2499 929 2560 agitat
953 2513 1097 2546 mens
1122 2498 1264 2561 inpia
1289 2513 1455 2559 curas,

159 2592 221 2633 60
335 2599 430 2633 nec
456 2584 645 2647 gaudet
670 2593 811 2634 casta
836 2597 999 2650 nupta
1021 2586 1223 2635 Neaera
1247 2587 1419 2636 domo.
