<?xml version="1.0" encoding="UTF-8"?>
<!DOCTYPE html PUBLIC "-//W3C//DTD XHTML 1.0 Transitional//EN"
    "http://www.w3.org/TR/xhtml1/DTD/xhtml1-transitional.dtd">
<html xmlns="http://www.w3.org/1999/xhtml" xml:lang="en" lang="en">
 <head>
  <title>
</title>
<meta http-equiv="Content-Type" content="text/html;charset=utf-8" />
  <meta name='ocr-system' content='tesseract 3.04.00' />
  <meta name='ocr-capabilities' content='ocr_page ocr_carea ocr_par ocr_line ocrx_word'/>
</head>
<body>
  <div class='ocr_page' id='page_1' title='image "./catullitibullip02vahlgoog_0290.png"; bbox 0 0 1942 3000; ppageno 0'>
   <div class='ocr_carea' id='block_1_1' title="bbox 255 159 1163 209">
    <p class='ocr_par' dir='ltr' id='par_1_1' title="bbox 255 159 1163 209">
     <span class='ocr_line' id='line_1_1' title="bbox 255 159 1163 209; baseline -0.012 0"><span class='ocrx_word' id='word_1_1' title='bbox 255 159 362 209; x_wconf 77' lang='lat'><strong>280</strong></span> <span class='ocrx_word' id='word_1_2' title='bbox 842 162 1163 200; x_wconf 72' lang='lat' dir='ltr'><strong>PROPER&#39;rn</strong></span> 
     </span>
    </p>
   </div>
   <div class='ocr_carea' id='block_1_2' title="bbox 152 317 1680 2673">
    <p class='ocr_par' dir='ltr' id='par_1_2' title="bbox 152 317 1680 2673">
     <span class='ocr_line' id='line_1_2' title="bbox 152 317 1426 377; baseline 0.001 -12"><span class='ocrx_word' id='word_1_3' title='bbox 152 324 213 366; x_wconf 89' lang='lat'><strong>10</strong></span> <span class='ocrx_word' id='word_1_4' title='bbox 326 317 472 377; x_wconf 85' lang='lat' dir='ltr'>dixit,</span> <span class='ocrx_word' id='word_1_5' title='bbox 505 317 631 366; x_wconf 88' lang='lat' dir='ltr'><strong>etin</strong></span> <span class='ocrx_word' id='word_1_6' title='bbox 659 318 797 365; x_wconf 92' lang='lat' dir='ltr'><strong>collo</strong></span> <span class='ocrx_word' id='word_1_7' title='bbox 824 317 927 365; x_wconf 83' lang='lat' dir='ltr'><strong>iam</strong></span> <span class='ocrx_word' id='word_1_8' title='bbox 950 317 1076 365; x_wconf 86' lang='lat' dir='ltr'><strong>mihi</strong></span> <span class='ocrx_word' id='word_1_9' title='bbox 1102 319 1269 366; x_wconf 87' lang='lat' dir='ltr'><strong>nodus</strong></span> <span class='ocrx_word' id='word_1_10' title='bbox 1304 325 1426 366; x_wconf 85' lang='lat' dir='ltr'><strong>erat.</strong></span> 
     </span>
     <span class='ocr_line' id='line_1_3' title="bbox 252 405 1565 468; baseline 0 -15"><span class='ocrx_word' id='word_1_11' title='bbox 252 405 338 455; x_wconf 90' lang='lat' dir='ltr'><strong>hic</strong></span> <span class='ocrx_word' id='word_1_12' title='bbox 364 406 494 454; x_wconf 87' lang='lat' dir='ltr'><strong>alter</strong></span> <span class='ocrx_word' id='word_1_13' title='bbox 515 406 660 454; x_wconf 88' lang='lat' dir='ltr'><strong>iubet</strong></span> <span class='ocrx_word' id='word_1_14' title='bbox 683 406 737 453; x_wconf 89' lang='lat' dir='ltr'><strong>in</strong></span> <span class='ocrx_word' id='word_1_15' title='bbox 764 406 989 454; x_wconf 88' lang='lat' dir='ltr'><strong>medium</strong></span> <span class='ocrx_word' id='word_1_16' title='bbox 1016 407 1323 468; x_wconf 82' lang='lat' dir='ltr'><strong>propellere,</strong></span> <span class='ocrx_word' id='word_1_17' title='bbox 1360 413 1409 455; x_wconf 85' lang='lat' dir='ltr'><strong>et</strong></span> <span class='ocrx_word' id='word_1_18' title='bbox 1432 407 1565 454; x_wconf 81' lang='lat' dir='ltr'><strong>alter</strong></span> 
     </span>
     <span class='ocr_line' id='line_1_4' title="bbox 324 494 1419 556; baseline -0.001 -15"><span class='ocrx_word' id='word_1_19' title='bbox 324 494 560 542; x_wconf 86' lang='lat' dir='ltr'><strong>‘intereat</strong></span> <span class='ocrx_word' id='word_1_20' title='bbox 584 495 673 556; x_wconf 91' lang='lat' dir='ltr'><strong>qui</strong></span> <span class='ocrx_word' id='word_1_21' title='bbox 698 509 795 542; x_wconf 89' lang='lat' dir='ltr'><strong>nos</strong></span> <span class='ocrx_word' id='word_1_22' title='bbox 822 509 930 542; x_wconf 87' lang='lat' dir='ltr'><strong>non</strong></span> <span class='ocrx_word' id='word_1_23' title='bbox 954 502 1104 556; x_wconf 87' lang='lat' dir='ltr'><strong>putat</strong></span> <span class='ocrx_word' id='word_1_24' title='bbox 1128 508 1240 542; x_wconf 87' lang='lat' dir='ltr'><strong>esse</strong></span> <span class='ocrx_word' id='word_1_25' title='bbox 1266 494 1419 543; x_wconf 83' lang='lat' dir='ltr'><strong>deos!</strong></span> 
     </span>
     <span class='ocr_line' id='line_1_5' title="bbox 254 582 1569 645; baseline 0 -15"><span class='ocrx_word' id='word_1_26' title='bbox 254 582 383 630; x_wconf 87' lang='lat' dir='ltr'><strong>haec</strong></span> <span class='ocrx_word' id='word_1_27' title='bbox 408 590 458 631; x_wconf 90' lang='lat' dir='ltr'><strong>te</strong></span> <span class='ocrx_word' id='word_1_28' title='bbox 483 597 590 630; x_wconf 88' lang='lat' dir='ltr'><strong>non</strong></span> <span class='ocrx_word' id='word_1_29' title='bbox 616 583 855 631; x_wconf 86' lang='lat' dir='ltr'><strong>meritum</strong></span> <span class='ocrx_word' id='word_1_30' title='bbox 880 590 1015 631; x_wconf 87' lang='lat' dir='ltr'><strong>totas</strong></span> <span class='ocrx_word' id='word_1_31' title='bbox 1042 590 1280 645; x_wconf 78' lang='lat' dir='ltr'><strong>expectat</strong></span> <span class='ocrx_word' id='word_1_32' title='bbox 1305 583 1360 630; x_wconf 86' lang='lat' dir='ltr'><strong>in</strong></span> <span class='ocrx_word' id='word_1_33' title='bbox 1383 583 1535 631; x_wconf 82' lang='lat' dir='ltr'><strong>horas</strong></span> <span class='ocrx_word' id='word_1_34' title='bbox 1555 600 1569 630; x_wconf 75' lang='lat' dir='ltr'><em>z</em></span> 
     </span>
     <span class='ocr_line' id='line_1_6' title="bbox 326 671 1476 733; baseline 0.001 -15"><span class='ocrx_word' id='word_1_35' title='bbox 326 678 379 719; x_wconf 87' lang='lat' dir='ltr'><strong>at</strong></span> <span class='ocrx_word' id='word_1_36' title='bbox 404 678 458 718; x_wconf 87' lang='lat' dir='ltr'><strong>tu</strong></span> <span class='ocrx_word' id='word_1_37' title='bbox 485 671 662 719; x_wconf 88' lang='lat' dir='ltr'><strong>nescio</strong></span> <span class='ocrx_word' id='word_1_38' title='bbox 689 686 818 733; x_wconf 86' lang='lat' dir='ltr'><strong>quas</strong></span> <span class='ocrx_word' id='word_1_39' title='bbox 846 671 1066 733; x_wconf 83' lang='lat' dir='ltr'><strong>quaeris,</strong></span> <span class='ocrx_word' id='word_1_40' title='bbox 1097 671 1289 733; x_wconf 87' lang='lat' dir='ltr'><strong>inepte,</strong></span> <span class='ocrx_word' id='word_1_41' title='bbox 1322 671 1476 719; x_wconf 77' lang='lat' dir='ltr'><strong>fores·</strong></span> 
     </span>
     <span class='ocr_line' id='line_1_7' title="bbox 154 759 1568 822; baseline 0 -15"><span class='ocrx_word' id='word_1_42' title='bbox 154 767 213 808; x_wconf 85' lang='lat'><strong>15</strong></span> <span class='ocrx_word' id='word_1_43' title='bbox 256 773 389 822; x_wconf 88' lang='lat' dir='ltr'><strong>quae</strong></span> <span class='ocrx_word' id='word_1_44' title='bbox 416 774 534 807; x_wconf 88' lang='lat' dir='ltr'><strong>cum</strong></span> <span class='ocrx_word' id='word_1_45' title='bbox 559 759 804 808; x_wconf 82' lang='lat' dir='ltr'><strong>Sidoniae</strong></span> <span class='ocrx_word' id='word_1_46' title='bbox 832 767 1087 808; x_wconf 84' lang='lat' dir='ltr'><strong>nocturna</strong></span> <span class='ocrx_word' id='word_1_47' title='bbox 1112 759 1361 820; x_wconf 82' lang='lat' dir='ltr'><strong>ligamina</strong></span> <span class='ocrx_word' id='word_1_48' title='bbox 1384 759 1568 808; x_wconf 83' lang='lat' dir='ltr'><strong>mitrae</strong></span> 
     </span>
     <span class='ocr_line' id='line_1_8' title="bbox 328 847 1532 910; baseline 0 -14"><span class='ocrx_word' id='word_1_49' title='bbox 328 847 555 908; x_wconf 84' lang='lat' dir='ltr'><strong>solverit,</strong></span> <span class='ocrx_word' id='word_1_50' title='bbox 588 857 744 910; x_wconf 90' lang='lat' dir='ltr'><strong>atque</strong></span> <span class='ocrx_word' id='word_1_51' title='bbox 770 848 953 896; x_wconf 88' lang='lat' dir='ltr'><strong>oculos</strong></span> <span class='ocrx_word' id='word_1_52' title='bbox 981 848 1195 896; x_wconf 89' lang='lat' dir='ltr'><strong>moverit</strong></span> <span class='ocrx_word' id='word_1_53' title='bbox 1219 848 1311 895; x_wconf 89' lang='lat' dir='ltr'><strong>illa</strong></span> <span class='ocrx_word' id='word_1_54' title='bbox 1337 861 1532 910; x_wconf 74' lang='lat' dir='ltr'><strong>grave8‚</strong></span> 
     </span>
     <span class='ocr_line' id='line_1_9' title="bbox 255 935 1594 997; baseline 0.001 -14"><span class='ocrx_word' id='word_1_55' title='bbox 255 936 520 984; x_wconf 85' lang='lat' dir='ltr'><strong>adflabunt</strong></span> <span class='ocrx_word' id='word_1_56' title='bbox 543 935 636 984; x_wconf 90' lang='lat' dir='ltr'><strong>tibi</strong></span> <span class='ocrx_word' id='word_1_57' title='bbox 662 950 767 983; x_wconf 90' lang='lat' dir='ltr'><strong>non</strong></span> <span class='ocrx_word' id='word_1_58' title='bbox 791 936 1025 983; x_wconf 87' lang='lat' dir='ltr'><strong>Arabum</strong></span> <span class='ocrx_word' id='word_1_59' title='bbox 1051 936 1111 983; x_wconf 88' lang='lat' dir='ltr'><strong>de</strong></span> <span class='ocrx_word' id='word_1_60' title='bbox 1136 935 1368 997; x_wconf 86' lang='lat' dir='ltr'><strong>gramine</strong></span> <span class='ocrx_word' id='word_1_61' title='bbox 1392 937 1594 994; x_wconf 49' lang='lat' dir='ltr'><strong>odorem</strong></span> 
     </span>
     <span class='ocr_line' id='line_1_10' title="bbox 328 1022 1461 1086; baseline -0.001 -15"><span class='ocrx_word' id='word_1_62' title='bbox 328 1024 418 1071; x_wconf 86' lang='lat' dir='ltr'><strong>sed</strong></span> <span class='ocrx_word' id='word_1_63' title='bbox 446 1039 578 1086; x_wconf 86' lang='lat' dir='ltr'><strong>quos</strong></span> <span class='ocrx_word' id='word_1_64' title='bbox 603 1024 713 1085; x_wconf 86' lang='lat' dir='ltr'><strong>ipse</strong></span> <span class='ocrx_word' id='word_1_65' title='bbox 737 1023 843 1071; x_wconf 87' lang='lat' dir='ltr'><strong>suis</strong></span> <span class='ocrx_word' id='word_1_66' title='bbox 869 1022 993 1070; x_wconf 89' lang='lat' dir='ltr'><strong>fecit</strong></span> <span class='ocrx_word' id='word_1_67' title='bbox 1016 1023 1181 1071; x_wconf 87' lang='lat' dir='ltr'><strong>Amor</strong></span> <span class='ocrx_word' id='word_1_68' title='bbox 1205 1024 1461 1071; x_wconf 88' lang='lat' dir='ltr'><strong>manibus.</strong></span> 
     </span>
     <span class='ocr_line' id='line_1_11' title="bbox 256 1110 1665 1176; baseline 0 -16"><span class='ocrx_word' id='word_1_69' title='bbox 256 1112 449 1176; x_wconf 87' lang='lat' dir='ltr'><strong>parcite</strong></span> <span class='ocrx_word' id='word_1_70' title='bbox 472 1112 592 1171; x_wconf 89' lang='lat' dir='ltr'><strong>iam,</strong></span> <span class='ocrx_word' id='word_1_71' title='bbox 624 1111 834 1159; x_wconf 83' lang='lat' dir='ltr'><strong>fratres:</strong></span> <span class='ocrx_word' id='word_1_72' title='bbox 877 1110 982 1158; x_wconf 88' lang='lat' dir='ltr'><strong>iam</strong></span> <span class='ocrx_word' id='word_1_73' title='bbox 1007 1118 1175 1159; x_wconf 89' lang='lat' dir='ltr'><strong>certos</strong></span> <span class='ocrx_word' id='word_1_74' title='bbox 1200 1112 1422 1173; x_wconf 84' lang='lat' dir='ltr'><strong>spondet</strong></span> <span class='ocrx_word' id='word_1_75' title='bbox 1446 1126 1665 1171; x_wconf 81' lang='lat' dir='ltr'><strong>amores,</strong></span> 
     </span>
     <span class='ocr_line' id='line_1_12' title="bbox 156 1198 1599 1248; baseline -0.001 0"><span class='ocrx_word' id='word_1_76' title='bbox 156 1206 216 1248; x_wconf 85' lang='lat'><strong>20</strong></span> <span class='ocrx_word' id='word_1_77' title='bbox 332 1207 382 1248; x_wconf 90' lang='lat' dir='ltr'><strong>et</strong></span> <span class='ocrx_word' id='word_1_78' title='bbox 405 1200 509 1247; x_wconf 87' lang='lat' dir='ltr'><strong>iam</strong></span> <span class='ocrx_word' id='word_1_79' title='bbox 533 1199 597 1246; x_wconf 84' lang='lat' dir='ltr'><strong>ad</strong></span> <span class='ocrx_word' id='word_1_80' title='bbox 624 1199 920 1246; x_wconf 87' lang='lat' dir='ltr'><strong>mandatam</strong></span> <span class='ocrx_word' id='word_1_81' title='bbox 944 1198 1177 1247; x_wconf 87' lang='lat' dir='ltr'><strong>venimus</strong></span> <span class='ocrx_word' id='word_1_82' title='bbox 1206 1213 1326 1248; x_wconf 87' lang='lat' dir='ltr'><strong>ecce</strong></span> <span class='ocrx_word' id='word_1_83' title='bbox 1351 1200 1599 1248; x_wconf 88' lang='lat' dir='ltr'><strong>domum.’</strong></span> 
     </span>
     <span class='ocr_line' id='line_1_13' title="bbox 259 1286 1507 1350; baseline 0.001 -15"><span class='ocrx_word' id='word_1_84' title='bbox 259 1295 415 1350; x_wconf 87' lang='lat' dir='ltr'><strong>atque</strong></span> <span class='ocrx_word' id='word_1_85' title='bbox 438 1288 510 1335; x_wconf 85' lang='lat' dir='ltr'><strong>ita</strong></span> <span class='ocrx_word' id='word_1_86' title='bbox 534 1286 604 1334; x_wconf 90' lang='lat' dir='ltr'><strong>mi</strong></span> <span class='ocrx_word' id='word_1_87' title='bbox 628 1286 818 1335; x_wconf 88' lang='lat' dir='ltr'><strong>iniecto</strong></span> <span class='ocrx_word' id='word_1_88' title='bbox 846 1286 1087 1335; x_wconf 83' lang='lat' dir='ltr'><strong>dixerunt</strong></span> <span class='ocrx_word' id='word_1_89' title='bbox 1112 1302 1287 1335; x_wconf 85' lang='lat' dir='ltr'><strong>rursus</strong></span> <span class='ocrx_word' id='word_1_90' title='bbox 1313 1287 1507 1336; x_wconf 87' lang='lat' dir='ltr'><strong>amictu</strong></span> 
     </span>
     <span class='ocr_line' id='line_1_14' title="bbox 329 1375 1437 1436; baseline 0.001 -13"><span class='ocrx_word' id='word_1_91' title='bbox 329 1376 363 1423; x_wconf 90' lang='lat' dir='ltr'><strong>‘i</strong></span> <span class='ocrx_word' id='word_1_92' title='bbox 389 1390 547 1436; x_wconf 80' lang='lat' dir='ltr'><strong>nuuc,</strong></span> <span class='ocrx_word' id='word_1_93' title='bbox 580 1381 630 1424; x_wconf 91' lang='lat' dir='ltr'><strong>et</strong></span> <span class='ocrx_word' id='word_1_94' title='bbox 655 1383 834 1424; x_wconf 85' lang='lat' dir='ltr'><strong>noctes</strong></span> <span class='ocrx_word' id='word_1_95' title='bbox 861 1375 1000 1423; x_wconf 85' lang='lat' dir='ltr'><strong>disce</strong></span> <span class='ocrx_word' id='word_1_96' title='bbox 1024 1389 1231 1423; x_wconf 87' lang='lat' dir='ltr'><strong>manere</strong></span> <span class='ocrx_word' id='word_1_97' title='bbox 1258 1376 1437 1424; x_wconf 59' lang='lat' dir='ltr'><strong>domi?</strong></span> 
     </span>
     <span class='ocr_line' id='line_1_15' title="bbox 260 1462 1450 1526; baseline 0 -14"><span class='ocrx_word' id='word_1_98' title='bbox 260 1478 412 1513; x_wconf 89' lang='lat' dir='ltr'><strong>mane</strong></span> <span class='ocrx_word' id='word_1_99' title='bbox 438 1471 562 1524; x_wconf 88' lang='lat' dir='ltr'><strong>erat,</strong></span> <span class='ocrx_word' id='word_1_100' title='bbox 598 1472 647 1513; x_wconf 90' lang='lat' dir='ltr'><strong>et</strong></span> <span class='ocrx_word' id='word_1_101' title='bbox 672 1463 811 1513; x_wconf 90' lang='lat' dir='ltr'><strong>volui</strong></span> <span class='ocrx_word' id='word_1_102' title='bbox 839 1462 883 1512; x_wconf 83' lang='lat' dir='ltr'><strong>si</strong></span> <span class='ocrx_word' id='word_1_103' title='bbox 909 1463 1023 1512; x_wconf 85' lang='lat' dir='ltr'><strong>sola</strong></span> <span class='ocrx_word' id='word_1_104' title='bbox 1049 1462 1334 1526; x_wconf 84' lang='lat' dir='ltr'><strong>quiesceret</strong></span> <span class='ocrx_word' id='word_1_105' title='bbox 1357 1463 1450 1512; x_wconf 90' lang='lat' dir='ltr'><strong>illa</strong></span> 
     </span>
     <span class='ocr_line' id='line_1_16' title="bbox 329 1551 1386 1614; baseline -0.001 -14"><span class='ocrx_word' id='word_1_106' title='bbox 329 1553 519 1602; x_wconf 86' lang='lat' dir='ltr'><strong>visere:</strong></span> <span class='ocrx_word' id='word_1_107' title='bbox 566 1561 616 1601; x_wconf 90' lang='lat' dir='ltr'><strong>et</strong></span> <span class='ocrx_word' id='word_1_108' title='bbox 639 1553 693 1601; x_wconf 87' lang='lat' dir='ltr'><strong>in</strong></span> <span class='ocrx_word' id='word_1_109' title='bbox 720 1554 856 1602; x_wconf 91' lang='lat' dir='ltr'><strong>lecto</strong></span> <span class='ocrx_word' id='word_1_110' title='bbox 885 1551 1107 1614; x_wconf 86' lang='lat' dir='ltr'><strong>Cynthia</strong></span> <span class='ocrx_word' id='word_1_111' title='bbox 1131 1553 1245 1601; x_wconf 85' lang='lat' dir='ltr'><strong>sola</strong></span> <span class='ocrx_word' id='word_1_112' title='bbox 1270 1553 1386 1603; x_wconf 83' lang='lat' dir='ltr'><strong>fuit.</strong></span> 
     </span>
     <span class='ocr_line' id='line_1_17' title="bbox 158 1641 1527 1704; baseline -0.001 -15"><span class='ocrx_word' id='word_1_113' title='bbox 158 1648 219 1690; x_wconf 83' lang='lat'><strong>25</strong></span> <span class='ocrx_word' id='word_1_114' title='bbox 263 1642 535 1704; x_wconf 86' lang='lat' dir='ltr'><strong>obstupui:</strong></span> <span class='ocrx_word' id='word_1_115' title='bbox 578 1657 686 1690; x_wconf 90' lang='lat' dir='ltr'><strong>non</strong></span> <span class='ocrx_word' id='word_1_116' title='bbox 712 1642 804 1690; x_wconf 86' lang='lat' dir='ltr'><strong>illa</strong></span> <span class='ocrx_word' id='word_1_117' title='bbox 828 1641 953 1689; x_wconf 90' lang='lat' dir='ltr'><strong>mihi</strong></span> <span class='ocrx_word' id='word_1_118' title='bbox 979 1642 1257 1689; x_wconf 87' lang='lat' dir='ltr'><strong>formosior</strong></span> <span class='ocrx_word' id='word_1_119' title='bbox 1282 1656 1527 1703; x_wconf 84' lang='lat' dir='ltr'><strong>umquam</strong></span> 
     </span>
     <span class='ocr_line' id='line_1_18' title="bbox 332 1729 1464 1792; baseline -0.002 -15"><span class='ocrx_word' id='word_1_120' title='bbox 332 1730 471 1790; x_wconf 88' lang='lat' dir='ltr'><strong>visa;</strong></span> <span class='ocrx_word' id='word_1_121' title='bbox 512 1744 681 1792; x_wconf 89' lang='lat' dir='ltr'><strong>neque</strong></span> <span class='ocrx_word' id='word_1_122' title='bbox 708 1730 904 1778; x_wconf 87' lang='lat' dir='ltr'><strong>ostrina</strong></span> <span class='ocrx_word' id='word_1_123' title='bbox 930 1745 1049 1777; x_wconf 86' lang='lat' dir='ltr'><strong>cum</strong></span> <span class='ocrx_word' id='word_1_124' title='bbox 1073 1729 1171 1776; x_wconf 86' lang='lat' dir='ltr'><strong>fuit</strong></span> <span class='ocrx_word' id='word_1_125' title='bbox 1193 1729 1246 1776; x_wconf 91' lang='lat' dir='ltr'><strong>in</strong></span> <span class='ocrx_word' id='word_1_126' title='bbox 1273 1729 1464 1786; x_wconf 87' lang='lat' dir='ltr'><strong>tunica,</strong></span> 
     </span>
     <span class='ocr_line' id='line_1_19' title="bbox 258 1815 1538 1877; baseline 0 -13"><span class='ocrx_word' id='word_1_127' title='bbox 258 1816 367 1866; x_wconf 87' lang='lat' dir='ltr'><strong>ibat</strong></span> <span class='ocrx_word' id='word_1_128' title='bbox 392 1824 443 1865; x_wconf 88' lang='lat' dir='ltr'><strong>et</strong></span> <span class='ocrx_word' id='word_1_129' title='bbox 465 1818 587 1865; x_wconf 91' lang='lat' dir='ltr'><strong>hinc</strong></span> <span class='ocrx_word' id='word_1_130' title='bbox 614 1825 785 1865; x_wconf 87' lang='lat' dir='ltr'><strong>castae</strong></span> <span class='ocrx_word' id='word_1_131' title='bbox 812 1825 1076 1864; x_wconf 82' lang='lat' dir='ltr'><strong>narratum</strong></span> <span class='ocrx_word' id='word_1_132' title='bbox 1106 1816 1307 1865; x_wconf 83' lang='lat' dir='ltr'><strong>somnia</strong></span> <span class='ocrx_word' id='word_1_133' title='bbox 1331 1815 1538 1877; x_wconf 82' lang='lat' dir='ltr'><strong>Vestae,</strong></span> 
     </span>
     <span class='ocr_line' id='line_1_20' title="bbox 332 1904 1492 1965; baseline 0.002 -14"><span class='ocrx_word' id='word_1_134' title='bbox 332 1919 434 1952; x_wconf 88' lang='lat' dir='ltr'><strong>neu</strong></span> <span class='ocrx_word' id='word_1_135' title='bbox 458 1905 556 1953; x_wconf 89' lang='lat' dir='ltr'><strong>sibi</strong></span> <span class='ocrx_word' id='word_1_136' title='bbox 582 1918 708 1952; x_wconf 86' lang='lat' dir='ltr'><strong>neve</strong></span> <span class='ocrx_word' id='word_1_137' title='bbox 733 1904 858 1951; x_wconf 90' lang='lat' dir='ltr'><strong>mihi</strong></span> <span class='ocrx_word' id='word_1_138' title='bbox 885 1918 1018 1965; x_wconf 86' lang='lat' dir='ltr'><strong>quae</strong></span> <span class='ocrx_word' id='word_1_139' title='bbox 1046 1904 1279 1952; x_wconf 83' lang='lat' dir='ltr'><strong>nocitura</strong></span> <span class='ocrx_word' id='word_1_140' title='bbox 1303 1904 1492 1965; x_wconf 86' lang='lat' dir='ltr'><strong>forent,</strong></span> 
     </span>
     <span class='ocr_line' id='line_1_21' title="bbox 263 1991 1343 2041; baseline 0 0"><span class='ocrx_word' id='word_1_141' title='bbox 263 1993 378 2041; x_wconf 85' lang='lat' dir='ltr'><strong>talis</strong></span> <span class='ocrx_word' id='word_1_142' title='bbox 404 1992 515 2041; x_wconf 80' lang='lat' dir='ltr'><strong>visa</strong></span> <span class='ocrx_word' id='word_1_143' title='bbox 537 1991 662 2039; x_wconf 86' lang='lat' dir='ltr'><strong>mihi</strong></span> <span class='ocrx_word' id='word_1_144' title='bbox 687 2006 870 2039; x_wconf 83' lang='lat' dir='ltr'><strong>somno</strong></span> <span class='ocrx_word' id='word_1_145' title='bbox 898 1991 1109 2040; x_wconf 87' lang='lat' dir='ltr'><strong>dimissa</strong></span> <span class='ocrx_word' id='word_1_146' title='bbox 1133 1992 1343 2041; x_wconf 87' lang='lat' dir='ltr'><strong>recenti.</strong></span> 
     </span>
     <span class='ocr_line' id='line_1_22' title="bbox 160 2080 1528 2143; baseline 0.001 -15"><span class='ocrx_word' id='word_1_147' title='bbox 160 2087 221 2129; x_wconf 89' lang='lat'><strong>30</strong></span> <span class='ocrx_word' id='word_1_148' title='bbox 333 2081 435 2130; x_wconf 90' lang='lat' dir='ltr'><strong>heu</strong></span> <span class='ocrx_word' id='word_1_149' title='bbox 461 2087 709 2143; x_wconf 87' lang='lat' dir='ltr'><strong>quantum</strong></span> <span class='ocrx_word' id='word_1_150' title='bbox 733 2094 825 2141; x_wconf 89' lang='lat' dir='ltr'><strong>per</strong></span> <span class='ocrx_word' id='word_1_151' title='bbox 850 2094 905 2128; x_wconf 89' lang='lat' dir='ltr'><strong>se</strong></span> <span class='ocrx_word' id='word_1_152' title='bbox 932 2080 1152 2128; x_wconf 84' lang='lat' dir='ltr'><strong>candida</strong></span> <span class='ocrx_word' id='word_1_153' title='bbox 1176 2081 1343 2129; x_wconf 86' lang='lat' dir='ltr'><strong>forma</strong></span> <span class='ocrx_word' id='word_1_154' title='bbox 1366 2083 1528 2130; x_wconf 74' lang='lat' dir='ltr'><strong>valet!</strong></span> 
     </span>
     <span class='ocr_line' id='line_1_23' title="bbox 261 2168 1473 2231; baseline 0 -15"><span class='ocrx_word' id='word_1_155' title='bbox 261 2168 383 2231; x_wconf 87' lang='lat' dir='ltr'><strong>‘quo</strong></span> <span class='ocrx_word' id='word_1_156' title='bbox 408 2176 465 2217; x_wconf 88' lang='lat' dir='ltr'><strong>tu</strong></span> <span class='ocrx_word' id='word_1_157' title='bbox 487 2168 786 2217; x_wconf 84' lang='lat' dir='ltr'><strong>matutinus&#39;</strong></span> <span class='ocrx_word' id='word_1_158' title='bbox 808 2168 880 2216; x_wconf 87' lang='lat' dir='ltr'><strong>ait</strong></span> <span class='ocrx_word' id='word_1_159' title='bbox 902 2169 1218 2231; x_wconf 84' lang='lat' dir='ltr'><strong>‘speculator</strong></span> <span class='ocrx_word' id='word_1_160' title='bbox 1242 2170 1473 2218; x_wconf 84' lang='lat' dir='ltr'><strong>amicae?</strong></span> 
     </span>
     <span class='ocr_line' id='line_1_24' title="bbox 333 2257 1464 2320; baseline -0.001 -16"><span class='ocrx_word' id='word_1_161' title='bbox 333 2271 416 2305; x_wconf 88' lang='lat' dir='ltr'><strong>me</strong></span> <span class='ocrx_word' id='word_1_162' title='bbox 439 2257 659 2305; x_wconf 87' lang='lat' dir='ltr'><strong>similem</strong></span> <span class='ocrx_word' id='word_1_163' title='bbox 683 2257 859 2306; x_wconf 87' lang='lat' dir='ltr'><strong>vestris</strong></span> <span class='ocrx_word' id='word_1_164' title='bbox 886 2258 1114 2306; x_wconf 85' lang='lat' dir='ltr'><strong>moribus</strong></span> <span class='ocrx_word' id='word_1_165' title='bbox 1143 2272 1255 2307; x_wconf 87' lang='lat' dir='ltr'><strong>csse</strong></span> <span class='ocrx_word' id='word_1_166' title='bbox 1281 2257 1464 2320; x_wconf 79' lang='lat' dir='ltr'><strong>putas?</strong></span> 
     </span>
     <span class='ocr_line' id='line_1_25' title="bbox 262 2345 1680 2408; baseline 0 -17"><span class='ocrx_word' id='word_1_167' title='bbox 262 2358 370 2392; x_wconf 89' lang='lat' dir='ltr'><strong>non</strong></span> <span class='ocrx_word' id='word_1_168' title='bbox 397 2359 493 2408; x_wconf 85' lang='lat' dir='ltr'><strong>ego</strong></span> <span class='ocrx_word' id='word_1_169' title='bbox 520 2353 625 2393; x_wconf 87' lang='lat' dir='ltr'><strong>tam</strong></span> <span class='ocrx_word' id='word_1_170' title='bbox 651 2345 848 2394; x_wconf 85' lang='lat' dir='ltr'><strong>facilis:</strong></span> <span class='ocrx_word' id='word_1_171' title='bbox 893 2354 973 2394; x_wconf 89' lang='lat' dir='ltr'><strong>sat</strong></span> <span class='ocrx_word' id='word_1_172' title='bbox 999 2347 1094 2394; x_wconf 90' lang='lat' dir='ltr'><strong>erit</strong></span> <span class='ocrx_word' id='word_1_173' title='bbox 1117 2346 1240 2393; x_wconf 89' lang='lat' dir='ltr'><strong>mihi</strong></span> <span class='ocrx_word' id='word_1_174' title='bbox 1266 2345 1502 2407; x_wconf 86' lang='lat' dir='ltr'><strong>cognitus</strong></span> <span class='ocrx_word' id='word_1_175' title='bbox 1527 2357 1680 2404; x_wconf 67' lang='lat' dir='ltr'><strong>unua,</strong></span> 
     </span>
     <span class='ocr_line' id='line_1_26' title="bbox 334 2433 1332 2496; baseline 0.001 -17"><span class='ocrx_word' id='word_1_176' title='bbox 334 2433 412 2480; x_wconf 88' lang='lat' dir='ltr'><strong>vel</strong></span> <span class='ocrx_word' id='word_1_177' title='bbox 437 2440 494 2480; x_wconf 89' lang='lat' dir='ltr'><strong>tu</strong></span> <span class='ocrx_word' id='word_1_178' title='bbox 518 2434 600 2482; x_wconf 88' lang='lat' dir='ltr'><strong>vel</strong></span> <span class='ocrx_word' id='word_1_179' title='bbox 626 2434 785 2496; x_wconf 88' lang='lat' dir='ltr'><strong>siquis</strong></span> <span class='ocrx_word' id='word_1_180' title='bbox 812 2434 980 2482; x_wconf 85' lang='lat' dir='ltr'><strong>verior</strong></span> <span class='ocrx_word' id='word_1_181' title='bbox 1007 2448 1117 2482; x_wconf 84' lang='lat' dir='ltr'><strong>esse</strong></span> <span class='ocrx_word' id='word_1_182' title='bbox 1144 2438 1332 2496; x_wconf 85' lang='lat' dir='ltr'><strong>potest.</strong></span> 
     </span>
     <span class='ocr_line' id='line_1_27' title="bbox 160 2520 1376 2582; baseline 0.001 -15"><span class='ocrx_word' id='word_1_183' title='bbox 160 2525 220 2567; x_wconf 83' lang='lat'><strong>35</strong></span> <span class='ocrx_word' id='word_1_184' title='bbox 262 2520 512 2582; x_wconf 87' lang='lat' dir='ltr'><strong>adparent</strong></span> <span class='ocrx_word' id='word_1_185' title='bbox 535 2536 642 2570; x_wconf 90' lang='lat' dir='ltr'><strong>non</strong></span> <span class='ocrx_word' id='word_1_186' title='bbox 672 2521 777 2569; x_wconf 84' lang='lat' dir='ltr'><strong>ulla</strong></span> <span class='ocrx_word' id='word_1_187' title='bbox 802 2529 916 2569; x_wconf 85' lang='lat' dir='ltr'><strong>toro</strong></span> <span class='ocrx_word' id='word_1_188' title='bbox 942 2520 1155 2582; x_wconf 82' lang='lat' dir='ltr'><strong>vestigia</strong></span> <span class='ocrx_word' id='word_1_189' title='bbox 1180 2534 1376 2582; x_wconf 61' lang='lat' dir='ltr'><strong>pressm</strong></span> 
     </span>
     <span class='ocr_line' id='line_1_28' title="bbox 334 2607 1341 2673; baseline 0.003 -19"><span class='ocrx_word' id='word_1_190' title='bbox 334 2608 483 2672; x_wconf 88' lang='lat' dir='ltr'><strong>signa</strong></span> <span class='ocrx_word' id='word_1_191' title='bbox 507 2610 800 2673; x_wconf 86' lang='lat' dir='ltr'><strong>voluptatis,</strong></span> <span class='ocrx_word' id='word_1_192' title='bbox 831 2623 928 2658; x_wconf 88' lang='lat' dir='ltr'><strong>nec</strong></span> <span class='ocrx_word' id='word_1_193' title='bbox 952 2607 1170 2656; x_wconf 85' lang='lat' dir='ltr'><strong>iacuisse</strong></span> <span class='ocrx_word' id='word_1_194' title='bbox 1194 2607 1341 2657; x_wconf 77' lang='lat' dir='ltr'><strong>duos,</strong></span> 
     </span>
    </p>
   </div>
  </div>
 </body>
</html>
