1942 3000
811 175 1004 213 LIBER.

154 333 248 381 tibi
277 340 329 381 et
352 333 559 387 Fuficiq
579 332 691 381 seni
718 340 940 382 recocto,

152 509 377 558 irascere
400 510 588 558 iterum
613 511 739 558 meis
762 510 946 558 iambis

155 598 547 656 inmerentibuS,
580 598 731 646 unice
756 599 1052 662 imperator.

857 969 966 1018 LV.

159 1128 406 1188 Oramus,
439 1129 480 1177 si
508 1128 642 1177 forte
668 1144 774 1177 non
800 1129 1140 1187 molestumst‚

158 1219 465 1277 demostres,
499 1217 583 1266 ubi
609 1217 714 1266 sint
737 1226 856 1265 tuae
884 1219 1142 1266 tenebrae.

159 1314 212 1354 te
240 1321 423 1369 campo
454 1305 797 1369 quaesivimus
821 1306 1037 1366 minore,

157 1404 210 1443 te
238 1396 296 1443 in
323 1395 477 1454 circo,
509 1402 560 1443 te
585 1395 640 1443 in
669 1394 906 1442 omnibus
934 1394 1145 1454 libellis,

90 1493 116 1532 5
159 1493 213 1533 te
240 1485 298 1533 in
325 1485 517 1548 templo
545 1484 728 1533 summi
752 1484 886 1533 Iovis
912 1491 1134 1533 sacrato.

160 1575 217 1622 in
242 1574 424 1636 Magni
450 1574 603 1623 simul
628 1574 978 1622 ambulatione

160 1663 396 1711 femellas
423 1677 619 1724 omneS,
650 1663 830 1722 amice,
864 1663 1063 1726 prendi,

168 1765 298 1812 quas
324 1751 468 1798 vultu
493 1751 593 1798 vidi
621 1758 789 1800 tamen
814 1766 1040 1800 serenas,

162 1840 226 1887 ab
256 1839 336 1887 vel
362 1847 413 1887 te
438 1839 514 1888 sic
539 1840 650 1902 ipse
677 1840 990 1902 flagitabam,

65 1935 119 1976 ιο
162 1926 472 1975 ‘Camerium
496 1927 639 1986 mihi,
673 1928 926 1991 pessimae
952 1928 1197 1992 puellae.'

164 2016 420 2079 quaedam
444 2016 615 2080 inquit
640 2017 834 2065 nudum
859 2017 1048 2065 reduce
1076 2053 1088 2065 .
1124 2052 1135 2065 .
1174 2054 1184 2065 .

160 2104 245 2152 ‘en
272 2104 355 2153 hic
380 2105 435 2151 in
462 2105 622 2153 roseis
648 2105 774 2153 latet
798 2106 1046 2168 papillis?

60 2202 118 2243 13
161 2193 251 2243 sed
278 2200 329 2241 te
353 2194 457 2241 iam
484 2193 615 2241 ferre
639 2193 851 2242 Herculi
877 2194 1025 2242 labos
1054 2202 1147 2242 est.

60 2290 118 2331 23
162 2297 272 2329 non
299 2289 471 2330 custos
500 2282 543 2330 si
570 2282 735 2344 fingar
756 2282 847 2330 ille
873 2280 1099 2340 Cretum,

160 2386 273 2420 non
299 2371 344 2419 si
369 2370 599 2433 Pegaseo
625 2371 763 2419 ferar
787 2372 978 2419 volatu.

61 2466 119 2507 25
162 2474 270 2507 non
297 2458 468 2506 Ladas
497 2472 592 2521 ego
619 2458 920 2522 pinnipesve
944 2458 1179 2512 Perseus,

159 2563 272 2596 non
297 2546 455 2596 Rhesi
484 2547 661 2595 niveae
686 2547 923 2607 citaeque
950 2546 1127 2607 bigae:

167 2636 300 2686 adde
326 2637 426 2685 huc
452 2635 773 2699 plumipedes
798 2635 1154 2695 volatilesque‚

1586 171 1655 222 ⁴3
