1942 3000
845 145 1023 185 unna
1054 146 1094 184 1.
1618 143 1720 193 135

291 301 539 364 impediat
563 301 732 350 crines
758 316 855 351 nec
879 304 1015 351 stola
1039 304 1200 366 longa
1224 303 1396 366 pedes,

219 396 274 438 et
298 389 422 437 mihi
449 391 554 438 sint
576 391 735 439 durae
759 392 920 453 leges,
953 392 1164 440 laudare
1190 405 1285 440 nec
1311 391 1472 439 ullam

121 484 184 525 70
295 477 491 540 possim
517 492 634 539 ego,
667 477 792 539 quin
822 478 1004 526 oculos
1030 479 1237 541 adpetat
1261 478 1352 526 illa
1377 491 1536 536 me05,

221 573 274 615 et
298 566 467 628 siquid
494 580 737 629 peccasse
763 573 924 629 putet,
957 566 1219 629 ducarque
1246 565 1446 629 capillis

294 655 534 703 inmerito
561 669 752 718 pronas
779 655 1138 718 proripiarque
1163 655 1289 703 vias·

223 758 328 792 non
358 758 455 805 ego
482 751 534 792 te
559 743 766 806 pulsare
792 744 960 802 velim,
994 744 1102 799 sed,
1134 743 1328 791 venerit
1354 743 1450 790 iste

298 830 342 878 si
368 830 528 891 furor,
562 831 781 894 optarim
809 846 914 878 non
941 831 1183 879 habuisse
1206 845 1420 879 manus:

120 927 183 968 75
223 934 323 969 nec
351 933 503 968 saevo
528 919 597 967 sis
626 928 770 967 casta
794 927 950 978 metu,
984 920 1073 968 sed
1097 927 1267 968 mente
1294 919 1461 968 fideli:

298 1015 507 1054 mutuus
533 1007 733 1055 absenti
760 1016 810 1055 te
836 1006 959 1054 mihi
986 1014 1152 1055 servet
1179 1022 1339 1056 amor.

225 1102 282 1143 at
307 1109 439 1157 quae
467 1095 566 1142 fida
591 1094 687 1143 fuit
714 1095 861 1154 nulli,
892 1102 1012 1158 post
1037 1095 1169 1143 victa
1192 1102 1400 1143 senecta

299 1182 443 1230 ducit
465 1182 616 1244 inops
644 1183 863 1230 tremula
886 1182 1107 1230 stamina
1132 1190 1267 1230 torta
1290 1196 1448 1230 manu

228 1272 478 1333 firmaque
504 1271 770 1320 conductis
797 1272 1024 1319 adnectit
1048 1272 1170 1320 licia
1196 1272 1309 1320 telis

116 1367 185 1409 8⁰
296 1367 563 1422 tractaque
589 1361 650 1409 de
677 1361 825 1408 niveo
853 1361 1039 1408 vellere
1068 1360 1222 1408 ducta
1245 1367 1409 1423 putat.

228 1448 365 1496 hanc
391 1448 563 1496 animo
589 1449 843 1512 gaudente
868 1449 1041 1496 vident
1067 1449 1412 1511 iuvenumque
1438 1454 1668 1496 catervae

303 1547 707 1586 commemorant
730 1539 912 1586 merito
940 1548 1019 1586 tot
1043 1540 1180 1587 mala
1204 1539 1336 1586 ferre
1360 1551 1553 1595 senem,

228 1625 365 1673 hanc
391 1626 568 1674 Venus
595 1640 659 1674 ex
684 1627 788 1674 alto
815 1626 1023 1674 flentem
1046 1625 1278 1674 sublimis
1306 1624 1528 1688 Olympo

303 1722 500 1775 spectat
528 1723 578 1762 et
602 1713 770 1762 infidis
800 1729 954 1776 quam
980 1714 1046 1762 sit
1070 1715 1256 1762 acerba
1282 1720 1474 1762 monet.

119 1810 187 1850 85
229 1802 358 1850 haec
384 1803 499 1850 aliis
525 1803 797 1851 maledicta
824 1803 1037 1851 cadant:
1082 1818 1193 1861 nos,
1224 1802 1395 1860 Delia,
1429 1801 1620 1849 amoris

303 1891 599 1954 exemplum
625 1907 755 1939 caua
781 1891 939 1939 simus
969 1900 1186 1954 uterque
1214 1906 1378 1939 coma.

920 2263 1037 2310 VII.

232 2422 385 2471 Hunc
412 2423 644 2471 cecinere
673 2422 809 2470 diem
835 2435 1022 2484 parcae
1046 2421 1224 2470 fatalia
1248 2429 1428 2469 nentes

305 2512 541 2571 stamina,
573 2525 679 2559 non
703 2510 798 2558 ulli
823 2509 1155 2559 dissoluenda
1181 2510 1309 2569 de0;

233 2599 371 2648 hunc
398 2600 536 2661 dare,
566 2599 853 2662 Aquitanas
881 2607 1058 2662 posset
1084 2599 1174 2661 qui
1199 2598 1416 2647 fundere
1442 2606 1639 2659 gentes),
