1942 3000
760 169 939 208 mmm
968 171 1084 209 1111.
1562 170 1665 221 321

246 326 412 375 nescit
434 332 601 374 vestra
626 339 778 374 ruens
803 327 881 374 ira
907 327 1096 376 referre
1121 327 1318 390 pedem.

69 426 131 464 45
171 415 348 465 fabula
372 414 517 462 nulla
541 422 655 462 tuas
682 414 745 463 de
773 416 922 463 nobis
949 416 1173 465 concitet
1199 431 1378 465 aures:

60 1836 122 1877 10

59 2278 121 2318 15

243 511 294 551 te
318 503 483 550 solam
509 511 560 551 et
584 483 738 566 lignis·
764 504 959 553 funeris
986 512 1131 552 ustus
1158 519 1341 553 amem.

842 873 986 921 XVI.

168 1033 286 1081 Nox
309 1032 493 1092 media,
526 1041 576 1081 et
600 1033 837 1082 dominae
863 1032 985 1081 mihi
1011 1033 1149 1081 venit
1174 1033 1394 1095 epistola
1419 1040 1655 1082 nostrae:

238 1120 431 1168 Tibure
454 1135 537 1169 me
560 1122 718 1171 missa
741 1122 893 1170 iussit
917 1122 1096 1169 adesse
1120 1136 1282 1181 mora,

168 1206 386 1257 candida
412 1223 514 1270 qua
537 1210 767 1270 geminas
794 1210 1074 1259 ostendunt
1098 1210 1323 1258 culmina
1345 1216 1528 1269 turre8‚

240 1303 291 1344 et
316 1296 452 1344 cadit
476 1297 529 1343 in
558 1298 762 1359 patulos
790 1297 999 1360 Iympha
1021 1297 1229 1345 Aniena
1252 1297 1415 1345 lacus.

169 1384 290 1448 quid
317 1384 539 1432 faciam?
578 1384 810 1433 obductis
839 1386 1154 1434 committam
1178 1398 1327 1433 mene
1352 1385 1594 1444 tenebris,

241 1480 297 1521 ut
321 1472 529 1521 timeam
554 1472 774 1521 audaces
802 1473 856 1522 in
883 1487 998 1521 mea
1023 1473 1249 1522 membra
1273 1473 1491 1521 manus?

166 1571 220 1609 at
244 1561 288 1609 si
315 1561 560 1609 distuIero
589 1561 715 1610 haec
741 1569 917 1609 nostro
944 1561 1188 1609 mandata
1212 1561 1413 1621 timore,

239 1656 493 1697 nocturno
520 1649 668 1696 fletus
694 1649 893 1697 saevior
915 1650 1063 1696 hoste
1087 1649 1229 1696 mihi.

167 1752 435 1801 peccaram
462 1737 637 1797 semel,
671 1745 721 1786 et
743 1744 908 1785 totum
934 1750 1048 1785 sum
1074 1737 1254 1800 pulsus
1279 1737 1334 1783 iu
1359 1749 1582 1786 annum:

236 1826 290 1872 in
316 1840 398 1873 me
423 1833 717 1874 mansuetas
745 1840 849 1874 non
875 1825 1030 1874 habet
1053 1826 1145 1873 illa
1168 1839 1369 1873 manuS.

166 1928 261 1962 nee
286 1921 457 1961 tamen
484 1921 562 1962 est
586 1913 875 1977 quisquam,
905 1928 1082 1963 saeros
1107 1915 1194 1976 qui
1209 1903 1380 1961 laedat
1393 1922 1650 1963 amantes:

239 2001 468 2051 Scironis
494 2002 665 2050 media
689 2003 764 2050 sic
789 2003 909 2050 licet
933 2003 1009 2049 ire
1034 2002 1132 2049 via.

165 2089 397 2153 quisquis
425 2096 624 2136 amator
650 2089 762 2149 erit,
794 2089 1045 2151 Scythicis
1071 2089 1193 2137 licet
1217 2089 1446 2137 ambulet
1469 2089 1602 2137 oris:

237 2191 389 2224 nemo
416 2176 545 2224 adeo
571 2184 629 2224 ut
653 2186 838 2226 noceat
866 2178 1111 2225 barbarus
1136 2191 1249 2225 esse
1273 2178 1426 2225 volet.

164 2267 292 2314 luna
315 2265 571 2313 ministrat
593 2266 705 2325 iter,
738 2267 1091 2315 demonstrant
1113 2272 1252 2314 astra
1275 2266 1520 2326 salebraS,

236 2354 349 2416 ipse
374 2354 536 2402 Amor
562 2367 803 2402 accensas
829 2354 1052 2417 percutit
1075 2362 1194 2402 ante
1220 2354 1378 2413 facae,

166 2457 317 2492 saeva
342 2455 528 2490 eanum
552 2442 718 2491 rabies
743 2456 943 2491 morsus
970 2443 1153 2490 avertit
1176 2442 1391 2490 hiantis:

235 2531 355 2579 huic
381 2531 556 2593 generi
582 2531 760 2593 quovis
786 2538 1017 2593 tempore
1039 2538 1148 2578 tuta
1173 2530 1319 2578 viast.

162 2619 417 2683 sanguine
440 2627 545 2668 tam
569 2634 725 2682 parvo
752 2619 867 2683 quis
893 2619 1030 2668 enim
1055 2627 1326 2683 spargatur
1349 2618 1571 2667 amantis

166 2723 332 2767 Propert.
383 2721 443 2758 ed.
465 2723 510 2758 n.
1269 2733 1327 2774 21
