1942 3000
821 161 1016 200 ann.
1572 160 1643 210 73

66 324 166 365 265
195 317 385 365 talibus
410 316 665 379 amplifice
690 317 843 366 vestis
871 318 1114 366 decorata
1137 318 1314 382 figuris

198 404 435 468 pulvinar
461 405 718 468 conplexa
742 420 838 454 suo
864 405 1068 455 velabat
1091 407 1297 455 amictu.

197 507 329 556 quae
353 501 629 556 postquam
655 495 837 557 cupide
861 494 1143 557 spectando
1167 495 1420 544 Thessala
1441 497 1607 560 pubes

196 582 399 644 expleta
424 590 516 641 est,
550 583 740 631 sanetis
768 583 938 646 coepit
962 583 1207 632 decedere
1234 583 1379 631 divis.

192 669 294 728 hic,
328 670 495 732 qualis
522 670 648 719 flatu
673 672 931 734 placidum
954 685 1094 719 mare
1117 671 1371 720 matutino

58 766 164 807 270
192 758 491 807 horrificans
515 760 764 822 zephyrus
790 759 1044 823 proclivas
1071 759 1252 808 incitat
1275 760 1441 809 undas

193 861 381 895 aurora
408 847 670 896 exoriente
694 849 809 911 vagi
834 849 930 896 sub
956 848 1136 896 limina
1160 848 1303 907 solis,

192 949 327 997 quae
350 937 494 983 tarde
519 936 741 998 primum
766 937 1005 985 clementi
1029 936 1236 985 flamine
1259 937 1442 999 pulsae

191 1024 477 1087 procedunt
503 1022 633 1086 (leni
659 1034 905 1073 resonant
931 1025 1185 1088 plangore
1209 1025 1493 1089 cachinni),

189 1120 311 1175 post
335 1119 485 1160 vento
512 1121 773 1162 crescente
797 1113 959 1175 magis
985 1114 1148 1176 magis
1174 1113 1562 1162 increbrescunt

47 1197 115 1250 '27
129 1211 157 1248 5
189 1214 551 1263 purpureaque
576 1202 756 1264 procul
782 1211 964 1251 nantes
992 1217 1025 1251 a
1047 1202 1165 1250 luce
1190 1202 1466 1265 refulgent,

189 1289 267 1337 sic
290 1289 362 1336 ibi
388 1289 624 1339 vestibuli
652 1290 943 1353 linquentes
971 1291 1116 1353 regia
1140 1298 1276 1339 tecta

186 1377 255 1425 ad
280 1391 335 1425 se
361 1377 578 1439 quisque
601 1392 733 1440 vago
758 1379 951 1441 passim
977 1379 1108 1441 pede
1132 1379 1478 1429 discedebant.

188 1480 412 1529 quorum
439 1473 558 1529 post
581 1466 777 1515 abitum
803 1467 1044 1530 princeps
1071 1482 1101 1517 e
1125 1468 1313 1517 vertice
1337 1468 1448 1518 Peli

189 1555 401 1603 advenit
425 1555 618 1604 Chiron
645 1563 858 1619 portans
884 1556 1139 1605 silvestria
1162 1558 1326 1605 dona:

49 1652 156 1694 280
187 1658 311 1692 nam
363 1651 697 1706 quotcunque
748 1644 924 1692 ferunt
971 1645 1138 1708 campi
1155 1681 1169 1704 ,
1226 1653 1355 1708 quot
1389 1647 1644 1696 Thessala.

378 1732 580 1793 magnis

186 1820 451 1868 montibus
479 1835 572 1868 ora
596 1829 751 1882 creet,
784 1829 911 1883 quot
936 1829 1147 1884 propter
1173 1822 1397 1873 fluminis
1425 1823 1592 1871 undas

186 1924 317 1957 aura
341 1909 477 1972 parit
500 1909 651 1957 flores
677 1909 835 1972 tepidi
861 1909 1083 1958 fecunda
1108 1910 1299 1971 favoni,

185 1996 285 2045 hos
311 1997 618 2046 indistinctis
645 1997 827 2061 plexos
852 1999 971 2046 tulit
995 1999 1109 2061 ipse
1134 2000 1363 2059 corollis,

186 2098 294 2147 quo
322 2087 582 2148 permulsa
606 2086 789 2134 domus
813 2086 1039 2134 iucundo
1066 2087 1178 2135 risit
1203 2087 1377 2136 odore.
1609 2153 1618 2162 ι

47 2182 112 2222 28
127 2184 153 2222 5
186 2173 462 2221 confestim
485 2173 673 2222 Penios
701 2174 860 2233 adest,
893 2174 1167 2223 viridantia
1188 2176 1400 2239 Tempe,
1609 2181 1621 2224 l

183 2262 399 2324 Tempe,
431 2276 564 2324 quae
587 2262 746 2311 silvae
770 2263 986 2324 cingunt
1010 2278 1167 2327 super
1189 2240 1547 2327 inpendente&

183 2350 389 2432 naiasin
415 2351 657 2415 linquens
683 2351 870 2399 crebris
898 2352 1206 2401 celebranda
1234 2353 1450 2413 choreis,

182 2419 295 2486 non
322 2454 542 2487 vacuus.
585 2453 810 2501 namque
833 2439 924 2488 ille
948 2440 1067 2488 tulit
1091 2442 1334 2490 radicitus
1360 2443 1491 2490 altas

181 2527 338 2604 fagos
365 2541 425 2575 ac
451 2535 590 2575 recto
617 2540 856 2589 proceras
883 2530 1056 2591 stipite
1080 2530 1274 2587 laurus,

42 2622 147 2664 290
180 2630 293 2663 non
322 2615 435 2664 sine
462 2617 666 2664 nutanti
692 2619 903 2680 platano
929 2618 1174 2680 lentaque
1198 2632 1376 2666 sorore
