1942 3000
256 121 360 169 270
846 122 1166 161 PROPERTH

255 279 344 341 qui
371 293 510 327 nunc
537 293 592 326 se
617 279 671 326 in
700 279 950 328 tumidum
973 279 1214 327 iactando
1240 279 1376 328 venit
1401 279 1685 327 honorem:

324 367 597 414 discidium
622 368 766 416 vobis
792 368 1058 430 proximus
1087 383 1255 416 annus
1283 368 1393 416 erit.

254 465 306 504 at
329 470 411 503 me
437 470 541 503 non
571 463 709 504 aetas
736 457 956 505 mutabit
982 464 1089 504 tota
1117 456 1365 518 Sibyllae,

323 559 431 591 non
458 544 607 592 labor
630 545 864 605 Alcidae,
898 561 1004 593 non
1032 546 1177 607 niger
1201 546 1291 593 ille
1317 546 1440 594 dies·

152 639 211 679 35
253 641 309 680 tu
333 647 446 680 mea
474 647 739 697 conpones
766 640 816 681 et
841 633 978 681 dices
1004 633 1155 691 ‘ossa‚
1188 632 1442 696 Properti,

149 1079 212 1122 40

153 1526 216 1567 45

153 1971 215 2011 50

324 722 451 769 haec
480 728 566 769 tua
591 728 741 769 sunt:
784 721 885 768 heu
910 720 1012 768 heu
1037 727 1091 767 tu
1115 720 1239 767 mihi
1267 728 1432 769 certus
1461 735 1591 769 eras.

256 818 421 859 certus
452 825 563 859 eras
589 811 691 858 heu
715 810 834 868 heu,
867 809 1098 872 quamvis
1128 824 1225 858 nec
1252 810 1507 872 sanguine
1531 810 1665 858 avito

326 899 516 948 nobilis
545 907 595 947 et
620 899 847 961 quamvis
874 898 1011 946 haud
1035 899 1107 946 ita
1132 899 1267 947 dives
1297 899 1449 947 eras.'

255 987 327 1035 nil
356 1001 451 1049 ego
479 1002 585 1035 non
612 987 806 1049 patiar:
850 1002 1133 1049 numquam
1158 1002 1240 1035 me
1264 988 1450 1035 iniuria
1473 994 1666 1036 mutat:

326 1075 458 1123 ferre
484 1089 579 1137 ego
608 1076 888 1124 formosam
913 1076 1112 1124 nullum
1139 1090 1268 1123 onus
1298 1090 1409 1124 esse
1433 1085 1578 1139 puto·

257 1163 408 1211 credo
436 1178 534 1227 ego
561 1178 668 1212 non
695 1178 889 1227 paucos
916 1163 1016 1211 ista
1042 1163 1253 1227 periisse
1280 1166 1461 1227 figura,

315 1253 480 1330 ‘credo
509 1267 605 1315 ego
632 1252 720 1300 sed
747 1253 936 1302 multos
962 1266 1070 1299 non
1102 1253 1341 1301 habuisse
1367 1254 1534 1301 fidem.

257 1355 413 1402 parvo
440 1340 621 1389 dilexit
646 1341 811 1405 spatio
837 1342 1072 1389 Minoida
1095 1342 1343 1401 TheseuS,

327 1429 562 1491 Phyllida
588 1431 952 1494 Demophoon,
985 1432 1173 1494 hospes
1203 1430 1417 1494 uterque
1442 1431 1625 1479 malus,

256 1519 360 1567 iam
385 1520 477 1568 tibi
502 1521 711 1569 Iasonia
736 1527 861 1568 nota
886 1527 963 1568 est
987 1521 1170 1569 Medea
1198 1522 1391 1581 carina,

328 1616 379 1657 et
401 1609 555 1657 modo
582 1617 780 1658 servato
806 1610 919 1657 sola
943 1610 1124 1658 relicta
1157 1610 1284 1659 viro,

258 1696 385 1744 dura
411 1704 488 1745 est
513 1711 645 1759 quae
670 1697 843 1744 multis
870 1697 1169 1745 simulatum
1195 1698 1343 1759 fingit
1364 1711 1611 1756 amorem,

330 1792 380 1833 et
404 1800 459 1834 se
484 1785 599 1847 plus
627 1785 716 1831 uni
743 1785 892 1846 siqua
918 1799 1099 1846 parare
1123 1791 1310 1847 potest.

256 1874 364 1922 noli
391 1873 672 1933 nobilibus,
705 1873 813 1920 noli
843 1873 1076 1921 conferre
1105 1873 1294 1922 beatis:

327 1963 414 2009 vix
439 1962 592 2017 venit,
625 1969 852 2009 extremo
879 1962 968 2024 qui
995 1963 1134 2024 legat
1159 1977 1279 2011 ossa
1306 1963 1405 2022 die,

257 2051 310 2098 ni
334 2051 426 2098 tibi
452 2065 547 2098 nos
575 2051 791 2099 erimus:
834 2050 922 2098 sed
951 2057 1007 2098 tu
1033 2051 1204 2113 potius
1231 2067 1413 2115 precor
1439 2059 1495 2099 ut
1518 2066 1599 2099 mc

329 2139 557 2187 demissis
585 2141 800 2202 plangas
827 2146 1040 2202 pectora
1065 2140 1204 2205 nuda
1231 2142 1408 2190 comis.
