1942 3000
112 398 170 438 10

113 840 171 880 15

109 1283 172 1323 20

78 1724 174 1771 ,25

200 144 246 192 ,6
830 144 1088 183 cA'rULm

212 302 529 364 Propontida
554 308 810 350 trucemve
835 302 1109 350 Ponticum
1134 301 1320 361 sinum,

211 390 299 437 ubi
325 390 423 438 iste
449 398 567 453 post
590 390 832 453 phaselus
857 397 1012 438 antea
1035 391 1134 439 fuit

213 485 416 527 comata
440 478 593 527 silva:
636 493 759 526 nam
784 477 993 541 Cytorio
1019 479 1073 526 in
1098 479 1220 541 iugo

212 566 457 628 loquente
482 580 634 629 saepe
660 567 866 615 sibilum
892 567 1052 615 edidit
1076 582 1239 616 coma.

211 653 439 701 Amastri
464 654 682 703 Pontica
707 663 758 703 et
783 653 970 717 Cytore
998 655 1218 715 buxifer,

212 742 305 791 tibi
330 743 456 792 haec
482 743 640 791 fuisse
666 750 717 792 et
742 756 854 792 esse
880 744 1234 806 cognitissima

212 831 285 879 ait
309 831 577 893 phaselus:
621 831 803 880 ultima
827 844 892 880 ex
916 831 1117 894 origine

214 927 304 967 tuo
333 919 534 967 stetisse
560 918 683 966 dicit
706 919 760 967 in
789 919 1073 978 cacumine,

213 1015 305 1057 tuo
331 1008 575 1056 imbuisse
600 1007 855 1071 palmulas
880 1007 935 1054 in
961 1021 1205 1069 aequore,

214 1104 266 1145 et
288 1097 407 1145 inde
432 1104 509 1145 tot
531 1111 623 1160 per
647 1097 939 1159 inpotentia
963 1096 1094 1144 freta

216 1200 359 1235 erum
384 1186 580 1246 tulisse,
614 1187 761 1234 laeva
787 1185 893 1234 sive
919 1185 1130 1233 dextera

215 1281 426 1338 vagaret
449 1289 592 1333 aura,
625 1275 732 1323 sive
757 1281 1033 1337 utrumque
1056 1274 1288 1337 Iuppiter

214 1365 368 1414 simul
394 1364 649 1413 secundus
674 1363 939 1412 incidisset
961 1364 1015 1412 in
1042 1364 1255 1427 pedem3

215 1465 384 1515 neque
408 1452 517 1500 ulla
541 1459 660 1500 vota
684 1452 972 1502 litoralibus
1001 1453 1108 1502 deis

215 1542 313 1590 sibi
341 1556 452 1590 esse
478 1542 634 1602 facta,
666 1557 782 1591 cum
808 1543 1006 1591 veniret
1031 1559 1061 1591 a
1087 1543 1214 1591 mari

214 1630 487 1679 novissime
512 1631 649 1679 hunc
675 1631 739 1678 ad
765 1646 930 1693 usque
955 1631 1226 1694 limpidum
1249 1631 1436 1678 lacum.

213 1718 302 1767 sed
330 1718 457 1766 haec
481 1718 622 1781 prius
649 1718 820 1767 fuere:
867 1734 1006 1767 nunc
1032 1718 1297 1766 recondita

216 1813 361 1855 senet
385 1806 555 1869 quiete
580 1820 739 1869 seque
765 1806 965 1855 dedicat
989 1806 1100 1865 tibi,

213 1895 435 1956 gemelle
463 1893 650 1943 Castor
675 1901 726 1943 et
750 1894 968 1956 gemelle
996 1893 1241 1943 Castoris,

928 2265 995 2312 V.

218 2426 481 2486 Vivamus‚
514 2440 630 2475 mea
652 2427 857 2486 Lesbia,
890 2434 1045 2488 atque
1070 2439 1314 2483 amemu3‚

218 2530 553 2579 rumoresque
579 2512 761 2565 se'num
785 2514 1100 2564 severiorum

216 2620 398 2655 omnes
426 2606 578 2654 unius
605 2605 931 2654 aestimemus
957 2603 1104 2651 assis.
